3128 5476
1354 694 1426 754 43

427 898 772 965 consulant.
859 901 1026 962 Haec
1072 903 1218 962 sunt
1275 898 1753 964 fundamentalia
1809 901 2042 968 ordinis
2100 902 2348 970 moralis

425 1001 732 1084 dogmata,
783 1017 941 1083 quae
981 1002 1066 1064 ita
1091 1001 1278 1065 menti
1303 1007 1548 1067 nostrae
1575 1003 1915 1081 inhaerent,
1938 1010 2007 1068 ut
2031 1005 2349 1072 obscurari

418 1106 785 1186 populorum
825 1105 1085 1170 libidine
1133 1109 1317 1188 atque
1364 1106 1615 1170 licentia
1661 1107 1869 1189 aliquo
1903 1114 2174 1189 tempore
2208 1125 2351 1191 pos-

418 1209 588 1287 sint,
635 1215 734 1274 ast
788 1224 946 1274 novo
987 1209 1157 1274 brevi
1209 1210 1531 1290 splendore
1560 1211 1855 1277 relucent.
1941 1216 2033 1278 Ne
2064 1213 2254 1295 igitur
2284 1214 2347 1277 in

417 1316 587 1376 tanta
629 1313 1023 1395 Religionum
1068 1313 1442 1390 diversitate,
1483 1315 1676 1380 tutela
1722 1321 1783 1380 et
1822 1315 2135 1393 defensio,
2164 1332 2348 1397 quam

413 1417 659 1498 Religio
709 1418 1137 1497 praestolatur,
1185 1417 1270 1480 ita
1327 1418 1729 1498 suscipiatur,
1777 1425 1846 1484 ut
1881 1421 1944 1483 in
1971 1436 2128 1485 onus
2148 1421 2347 1502 magis

413 1530 600 1601 quam
637 1520 700 1584 in
730 1520 1093 1586 beneficium
1135 1519 1340 1595 cedat;
1388 1536 1460 1587 eo
1508 1523 1717 1602 potius
1742 1524 1974 1601 tendat,
2001 1530 2071 1588 ut
2096 1525 2346 1605 legibus

413 1639 487 1688 ex
539 1640 736 1704 aequo
789 1626 1074 1705 impietas
1108 1631 1481 1703 coerceatur,
1517 1626 1679 1691 utin
1712 1626 1964 1708 publica
1987 1628 2349 1707 praesertim

406 1727 746 1807 juventutis
795 1729 1205 1806 institutione,
1246 1730 1444 1810 prima
1490 1729 1694 1796 omnis
1742 1729 2089 1811 Religionis
2116 1732 2347 1811 princi-

409 1831 514 1911 pia
559 1847 683 1896 non
724 1831 975 1913 impune
1013 1837 1345 1915 negentur;
1393 1833 1559 1910 dein,
1614 1837 1684 1898 ut
1719 1833 1783 1897 in
1827 1827 2082 1898 theatris
2107 1851 2233 1900 non
2274 1852 2349 1900 ea

409 1933 676 2000 ludibrio
714 1935 1077 2013 habeantur,
1147 1951 1304 2018 quae
1337 1951 1547 2002 omnes
1605 1936 1834 2019 ubique
1864 1942 2160 2001 terrarum
2200 1954 2347 2020 gen-

409 2042 501 2101 tes
542 2043 928 2102 venerantur.
1016 2038 1176 2114 Quid
1237 2037 1477 2101 tandem
1523 2039 1725 2114 obest,
1779 2045 1848 2103 ut
1866 2038 2037 2122 leges
2075 2041 2349 2106 ferantur

398 2142 727 2220 poenales,
773 2141 838 2204 in
885 2141 1243 2222 sacrilegia,
1316 2139 1769 2221 blasphemiaS,
1816 2143 2093 2223 perjuria
2137 2149 2346 2210 caete·

407 2259 598 2324 raque
656 2244 1135 2327 irreligiositatis
1179 2244 1473 2322 crimina,
1518 2260 1679 2325 quae
1725 2251 1937 2310 nostra
2005 2253 2205 2312 aetate
2252 2254 2345 2312 tot

404 2352 700 2429 tantaque
735 2349 1133 2430 contingunt;
1181 2353 1244 2412 et
1275 2354 1529 2412 eatenus
1579 2348 1760 2412 etiam
1785 2349 2015 2428 jactata
2059 2350 2165 2413 illa
2187 2353 2343 2430 preli

403 2451 657 2516 libertas
723 2454 1115 2517 coerceatur?
1184 2454 1357 2516 Certo
1402 2451 1632 2515 certius
1662 2451 1900 2530 imperii
1949 2469 2073 2518 non
2110 2458 2229 2530 est,
2275 2459 2345 2518 ut

405 2555 735 2635 specialem
780 2556 1051 2637 aliquam
1091 2554 1152 2619 vi
1194 2561 1256 2618 et
1298 2555 1439 2636 igne
1486 2554 1846 2636 religionem
1888 2557 2185 2637 subjectis
2238 2558 2345 2620 im-

403 2665 593 2738 ponat
643 2665 705 2725 et
749 2660 1163 2725 conscientiae
1202 2657 1544 2724 libertatem
1592 2659 1771 2738 plane
1816 2658 2009 2724 tollat.
2061 2663 2197 2724 Non
2235 2661 2343 2724 tali

405 2764 635 2830 auxilio
685 2771 824 2847 eget
862 2767 1114 2831 veritas.
1199 2768 1313 2829 Ast
1380 2764 1631 2844 publice
1702 2765 1869 2827 Deus
1924 2780 2048 2831 non
2098 2766 2345 2846 impune

403 2874 659 2950 negetur
710 2874 772 2932 et
811 2869 950 2933 fons
984 2870 1135 2945 veri,
1187 2869 1336 2933 boni
1385 2874 1448 2935 et
1516 2868 2079 2950 aequi-incolumis
2101 2885 2341 2951 perma-

402 2976 567 3034 neat.
639 2974 804 3034 -Tum
839 2974 1081 3037 demum
1124 2972 1405 3037 scientiis
1443 2973 1883 3051 metaphysicis
1913 2972 2096 3037 'idem
2142 2974 2342 3038 obtin-

401 3076 506 3153 get
541 3087 942 3153 progressuS,
989 3091 1172 3156 quem
1217 3073 1400 3138 hodie
1455 3073 1736 3138 scientiis
1797 3075 2113 3154 physicis,
2159 3078 2341 3157 pleno

398 3176 536 3257 jure
582 3177 1002 3257 agnoscimus.
1042 3176 1112 3240 Id
1162 3177 1448 3241 nimirum
1477 3177 1798 3242 intercedit
1835 3178 1993 3241 inter
2035 3178 2343 3260 duplicem

403 3281 799 3345 scientiarum
841 3280 1116 3345 ordinem
1144 3279 1498 3358 discrimen,
1541 3279 1705 3361 quod
1746 3282 1914 3363 leges
1957 3284 2343 3350 necessariae

400 3385 693 3465 physicae
757 3384 930 3464 rejici
987 3384 1064 3447 ab
1123 3384 1370 3449 homine
1422 3401 1544 3450 non
1608 3385 1895 3465 possint,
1964 3385 2073 3449 sed
2140 3387 2341 3468 inqui-

401 3495 649 3566 rantur,
695 3489 1082 3564 excolantur,
1131 3488 1536 3568 applicentur.
1622 3488 1785 3553 Ordo
1826 3488 2076 3551 moralis
2129 3495 2340 3554 contra

398 3594 623 3657 misero
670 3593 974 3657 libertatis
1029 3592 1229 3656 abusu
1267 3607 1304 3654 a
1354 3592 1564 3655 multis
1599 3591 1796 3669 ,hodie
1846 3591 2160 3670 rejicitur,
2215 3609 2339 3673 quo

403 3696 514 3771 fit,
566 3703 636 3759 ut
674 3711 1089 3776 quaecumque
1125 3692 1402 3771 tradant,
1448 3693 1615 3759 omni
1658 3709 1909 3773 prorsus
1947 3694 2338 3761 fundamento
2424 3736 2431 3749 ·

399 3796 830 3876 destituantur,
889 3805 951 3863 et
995 3799 1210 3863 merito
1259 3798 1418 3861 inter
1471 3797 1710 3863 somnia
1754 3803 1817 3861 et
1852 3797 2068 3861 deliria
2130 3814 2337 3864 recen-

403 3906 674 3965 seantur.
759 3902 906 3967 Nisi
1001 3901 1319 3967 Dominus
1379 3900 1833 3982 aedificaverit
1894 3900 2193 3979 domum,
2260 3901 2337 3969 in

398 4024 640 4070 vanum
686 4004 1154 4071 laboraverunt
1180 4055 1195 4084 ‚
1256 4003 1373 4089 qui
1425 4003 1784 4086 aedificant
1832 4014 2027 4071 eam.¹

466 4166 482 4191 ¹
521 4164 698 4227 malm,
738 4152 964 4217 cxxvr.
979 4182 1025 4216 v.
1057 4168 1105 4218 1.

1188 4322 1542 4368 TANTUM.
