3128 5476
1890 713 1961 770 20

958 915 1227 982 medium
1274 917 1578 996 proferre,
1630 917 1852 979 infiniti
1902 923 1963 980 et
2005 917 2167 979 haud
2220 917 2390 980 utilis
2438 917 2591 981 foret
2625 917 2881 993 laboriS,

969 1021 1176 1100 (nimia
1223 1037 1484 1099 namque
1522 1021 1814 1102 opinandi
1862 1021 2113 1085 licentia
2161 1021 2386 1086 factum
2434 1037 2571 1084 esse
2618 1021 2879 1098 videtur,

963 1129 1032 1186 ut
1090 1125 1366 1204 plerique
1413 1139 1522 1204 pro
1586 1141 1699 1188 suo
1756 1125 2183 1205 unusquisque
2241 1125 2423 1188 libitu
2471 1141 2626 1189 nova
2672 1127 2887 1204 hujus-

959 1227 1125 1291 modi
1197 1227 1614 1308 excogitarent
1658 1229 1855 1308 prima
1896 1229 2053 1307 juris
2110 1229 2409 1292 naturalis
2453 1227 2775 1308 principia)
2825 1229 2889 1291 id

961 1347 1153 1394 unum
1222 1332 1657 1408 admonemus,
1728 1333 1889 1410 quod
1928 1348 2131 1396 veram
2170 1338 2232 1396 et
2276 1332 2574 1412 integram
2616 1333 2886 1396 hominis

961 1439 1243 1497 naturam
1305 1437 1504 1499 omnis
1575 1437 1822 1500 omnino
1882 1437 2038 1515 juris
2098 1437 2469 1517 cognitionis
2513 1436 2885 1516 principium

963 1538 1320 1602 habeamus,
1409 1543 1496 1602 Ex
1551 1539 1821 1604 hominis
1871 1541 2034 1602 enim
2080 1547 2296 1602 natura
2344 1541 2601 1619 ejusque
2640 1546 2884 1602 natura-

957 1642 1124 1707 libus
1197 1644 1599 1717 relationibus
1671 1644 1927 1707 rationis
1996 1644 2225 1706 lumine
2314 1643 2691 1708 solummodo
2756 1645 2885 1724 dig-

960 1749 1134 1810 nosci
1205 1754 1435 1828 potest,
1499 1765 1653 1827 quos
1714 1751 1879 1812 Deus
1918 1755 2154 1812 creator
2195 1749 2427 1811 homini
2472 1749 2888 1827 praestituerit

948 1851 1112 1915 ’fines
1167 1853 1243 1914 ab
1307 1853 1552 1916 homine
1605 1850 2044 1930 assequendos.
2132 1851 2471 1915 Dolendum
2524 1867 2671 1913 sane
2725 1852 2885 1930 quod

959 1956 1130 2019 nulla
1183 1957 1244 2018 in
1314 1972 1378 2018 re
1433 1957 1631 2036 magis
1692 1956 2059 2018 dissentiant
2100 1955 2343 2035 sibique
2392 1955 2652 2019 invicem
2696 1971 2883 2034 oppo-

961 2064 1186 2122 nantur
1215 2059 1641 2138 philosophi,
1717 2075 1897 2138 quam
1956 2059 2019 2121 in
2068 2058 2413 2138 indaganda
2462 2064 2711 2122 naturae
2742 2059 2886 2122 n'os-

955 2168 1086 2227 trae
1147 2163 1369 2227 indole.
1456 2164 1707 2226 Plurimi
1760 2162 2063 2242 siquidem
2120 2163 2181 2225 id
2224 2163 2347 2238 fere
2399 2167 2679 2242 spectant
2724 2162 2885 2240 quod

949 2267 1272 2330 hominum
1332 2273 1550 2330 natura
1604 2283 1745 2330 cum
1786 2267 2005 2328 bestiis
2050 2281 2367 2330 commune
2410 2271 2515 2328 aut
2562 2267 2742 2328 etiam
2784 2266 2882 2328 de-

951 2377 1274 2450 pravatum
1333 2371 1544 2446 habet3
1629 2370 1812 2450 pauci
1878 2359 2363 2450 complectuntur
2428 2371 2661 2445 omnia,
2729 2385 2882 2448 quae

951 2475 1151 2538 indita
1225 2476 1405 2539 nobis
1469 2492 1504 2538 a
1572 2481 1790 2537 natura
1856 2479 2033 2549 sunt,
2087 2489 2198 2536 nec
2241 2475 2393 2536 satis
2442 2473 2760 2536 attendunt
2808 2474 2884 2536 ad

954 2580 1288 2644 nobiliores
1314 2581 1452 2644 illas
1494 2580 1839 2656 facultateS,
1873 2594 1982 2658 per
2010 2594 2162 2657 quas
2194 2577 2596 2640 similitudine
2626 2578 2885 2656 quadam

956 2685 1319 2766 attingimus
1371 2685 1629 2765 primam
1690 2689 1750 2747 et
1800 2681 2101 2746 infinitam
2148 2687 2431 2745 mentem.
2532 2684 2884 2745 Hossnnsius

956 2789 1344 2852 considerata
1414 2790 1729 2864 ferocitate
1777 2786 2171 2867 quorumdam
2222 2786 2584 2865 populorum
2626 2791 2686 2849 et
2724 2802 2883 2850 con]-

951 2891 1120 2955 muni
1181 2892 1494 2955 hominum
1538 2892 1870 2971 cupiditate
1922 2890 2171 2953 sibimet
2218 2890 2608 2965 consulendi,
2655 2890 2775 2953 vim
2810 2906 2885 2954 ac

949 2995 1184 3059 bellum
1251 2997 1520 3059 omnium
1586 2996 1677 3058 in-
1714 3011 1965 3069 omneS,
2020 2993 2302 3072 Epicurei
2354 3010 2645 3057 sensuum
2686 2993 2883 3057 oblec-

946 3106 1254 3176 tamenta,
1322 3101 1685 3179 voluptates
1730 3116 1801 3163 ac
1858 3096 2288 3172 indolentiam,
2345 3096 2535 3159 Stoici
2601 3097 2883 3161 virtutem

955 3204 1279 3283 quamdam
1309 3204 1569 3285 rigidam
1610 3210 1671 3267 et
1708 3218 1929 3266 sensus
1954 3208 2277 3281 expertem,
2308 3200 2413 3263 alii
2438 3202 2559 3263 alia
2590 3205 2879 3276 statuere,

955 3307 1291 3371 secundum
1329 3322 1484 3384 quae
1533 3306 1963 3369 convenienter
1995 3312 2247 3368 naturae
2292 3306 2413 3370 vivi
2451 3305 2749 3384 possitae
2782 3305 2887 3368 de-

952 3412 1114 3475 beat.
1201 3410 1497 3475 Hodierni
1563 3426 1707 3473 vero
1770 3410 1876 3489 qui
1940 3414 2276 3487 spontaneo
2332 3409 2573 3489 generis
2633 3410 2883 3471 humani

954 3514 1310 3595 progressui
1374 3512 1607 3586 favent,
1678 3518 1931 3576 naturae
2000 3513 2300 3577 humanae
2359 3513 2761 3577 evolutionem
2822 3519 2890 3575 et

955 3618 1390 3697 perfectionem
1438 3617 1514 3680 ab
1572 3616 1779 3696 aliqua
1823 3616 2065 3697 generis
2109 3616 2357 3678 humani
2401 3616 2527 3680 vita
2566 3616 2741 3694 quasi
2778 3634 2887 3680 ve-

953 3718 1245 3805 yctativa
1314 3720 1783 3800 exspectandam
1845 3735 1982 3783 esse
2052 3719 2425 3781 fabulantur.
2512 3722 2764 3795 Verum,
2815 3726 2891 3782 ut

955 3826 1044 3887 ait
1094 3828 1366 3901 Guizo'r,
1425 3844 1456 3883 ›>
1487 3826 1539 3886 Il
1606 3842 1643 3903 y
1702 3838 1737 3885 a
1797 3840 1917 3886 une
1981 3823 2267 3885 immense
2328 3822 2657 3903 ignorance
2706 3822 2887 3886 dela

957 3935 1222 3993 »nature
1287 3928 1361 3993 de
1421 3928 1705 3991 l’homme
1752 3934 1813 3989 et
1847 3927 1920 3991 de
1964 3941 2043 3988 sa
2094 3926 2405 3989 condition
2456 3924 2490 3987 a
2536 3927 2730 3990 croire
2762 3942 2886 4005 que

957 4030 1233 4096 »laissee
1301 4028 1336 4094 a
1392 4030 1753 4106 elle-meme,
1794 4030 1854 4091 la
1900 4026 2116 4092 liberte
2164 4028 2447 4092 humaine
2494 4046 2569 4093 va
2610 4046 2687 4092 au
2736 4030 2884 4093 bien

957 4140 1067 4198 »et
1125 4140 1270 4215 peut
1314 4152 1352 4214 y
1379 4135 1609 4199 suffire.
1698 4136 1860 4197 C’est
1906 4134 2158 4197 l’err‘eur
2196 4133 2269 4196 de
2313 4134 2624 4213 l’orgueil;
2675 4149 2887 4198 erreur

955 4239 1118 4319 »qui
1181 4236 1396 4304 enerve
1457 4240 1538 4303 du
1591 4253 1783 4302 meme
1832 4252 1989 4316 coup
2038 4237 2257 4301 l’ordre
2316 4238 2506 4300 moral
2554 4242 2617 4301 et
2660 4236 2884 4301 l'ordre

957 4343 1329 4425 molitique,
1371 4344 1427 4409 le
1467 4347 1940 4429 gouvernement
1987 4338 2279 4406 interieur
2326 4340 2399 4406 de
2438 4341 2718 4405 l’homme
2740 4347 2803 4405 et
2822 4341 2905 4403 le·
