3128 5476
1882 685 1957 748 38

953 894 1158 958 tution
1183 941 1198 968 ,
1227 893 1334 975 qui
1383 908 1458 956 ne
1511 907 1577 956 se
1619 892 1817 957 donne
1861 890 2251 972 aujourd’hui
2296 905 2457 970 pour
2492 904 2614 952 une
2640 888 2917 964 cmm-e,

949 1001 1010 1060 et
1057 1000 1246 1078 qu'on
1288 1011 1364 1061 ne
1412 998 1591 1061 traite
1634 1014 1709 1062 en
1760 996 2017 1062 omhre‘?
2060 999 2321 1071 Qumm.
2364 1001 2382 1026 ²

1026 1103 1110 1164 La
1185 1099 1607 1167 souverainete
1652 1101 1732 1164 du
1801 1101 2021 1181 peuple
2077 1104 2174 1164 est
2238 1097 2557 1173 emmena,
2615 1099 2778 1162 c’est
2842 1097 2917 1159 la

949 1203 1296 1269 traduction
1352 1206 1641 1270 humaine
1709 1204 1783 1268 de
1868 1204 2333 1284 l'omnipotence
2382 1203 2456 1266 de
2504 1202 2661 1264 Dieu
2715 1207 2784 1264 et
2836 1201 2913 1262 la

944 1307 1088 1387 plus
1134 1308 1362 1390 grande
1401 1307 1535 1375 idee
1586 1311 1692 1390 qui
1732 1309 1947 1391 puisse
1975 1308 2146 1373 avoir
2172 1322 2353 1372 cours
2385 1321 2493 1369 sur
2516 1304 2579 1370 la
2606 1311 2903 1369 terre....

945 1411 1099 1474 c’est
1157 1430 1241 1476 un
1302 1412 1542 1496 dogme,
1616 1429 1735 1478 une
1795 1412 2079 1494 religion,
2132 1411 2191 1476 le
2248 1411 2381 1475 seul
2416 1409 2547 1474 vrai
2585 1407 2899 1488 systema.

945 1515 1336 1582 Lsnmmun.
1359 1533 1381 1562 ¹
1445 1557 1450 1562 -

1023 1621 1110 1683 La
1157 1622 1416 1704 religion
1480 1621 1719 1687 bientdt
1786 1638 1862 1688 ne
1916 1636 2051 1686 sera
2113 1621 2250 1700 plus
2297 1619 2499 1684 bonne
2550 1599 2678 1698 'que
2724 1633 2907 1698 pour

870 1717 880 1724 “
947 1720 1039 1786 les
1084 1725 1323 1789 chiens.
1373 1728 1655 1790 Coma·
2422 1724 2429 1733 '

1024 1828 1194 1892 Talia
1252 1829 1593 1911 proferunt,
1666 1832 1773 1912 qui
1826 1832 1941 1894 hac
1986 1835 2197 1894 nostra
2246 1833 2441 1892 aetate
2480 1827 2886 1908 semetipsoS,

945 1933 1128 2012 quasi
1174 1932 1495 2015 dignitatis
1531 1935 1834 1997 humanae
1888 1938 2328 1997 restauratores
2370 1933 2691 1997 extollunt.
2768 1933 2891 1996 Ve-

946 2052 1082 2098 rum
1129 2037 1661 2102 commiseratione
1720 2036 2032 2119 indigent,
2081 2036 2595 2101 transcendentali
2646 2037 2889 2117 quippe

947 2139 1164 2218 agitati
1237 2140 1461 2215 furore,
1539 2157 1613 2205 ac
1669 2157 1825 2205 vana
1886 2141 2092 2221 specie
2158 2157 2525 2223 progressus
2592 2137 2878 2220 decepti,

947 2242 1010 2305 in
1084 2243 1457 2324 profundum
1511 2245 1880 2325 praecipites
1953 2249 2159 2321 ruunt,
2231 2261 2351 2326 quo
2394 2245 2638 2308 tandem
2688 2244 2883 2307 nimia

943 2347 1084 2412 luce
1151 2349 1457 2428 perculsi,
1518 2349 1767 2413 obscuri
1830 2350 2199 2413 caecutiunt.
2286 2353 2399 2413 Ast
2446 2347 2618 2412 ardet
2672 2349 2881 2412 animo

941 2452 1192 2533 vulguS,
1259 2457 1607 2533 exspectato
1652 2455 2008 2535 progressui
2078 2453 2311 2529 inhiat,
2380 2453 2528 2518 adeo
2602 2458 2693 2529 ut,
2748 2453 2877 2516 nisi

945 2558 1112 2621 Deus
1173 2556 1748 2636 providentissimus
1803 2573 2011 2622 eorum
2068 2557 2499 2639 progressibus
2572 2558 2867 2631 obsistat,

942 2659 1112 2725 brevi
1161 2661 1397 2724 ruitura
1443 2661 1605 2738 sint,
1677 2676 2095 2744 quaecumque
2153 2661 2388 2725 homini
2416 2661 2618 2737 utilia,
2665 2677 2871 2726 neces-

945 2765 1110 2829 saria
1156 2771 1217 2829 et
1265 2765 1609 2830 veneranda
1650 2782 1787 2830 esse
1830 2767 2315 2847 conspiciuntur.

1020 2868 1179 2933 Vera
1202 2869 1314 2933 Dei
1352 2869 1614 2933 scientia
1660 2870 1924 2949 primum
1948 2876 2044 2934 est
2066 2869 2433 2951 disciplinae
2456 2872 2707 2935 moralis
2733 2871 2867 2934 fun-

945 2971 1315 3048 damentum,
1349 2988 1506 3054 quae
1541 2974 1796 3052 insuper
1828 2974 2047 3036 nititur
2082 2979 2333 3037 naturae
2368 2976 2670 3040 humanae
2696 2976 2867 3057 spiri-

942 3075 1244 3152 tualitate,
1263 3075 1543 3142 libertate
1559 3082 1621 3140 et
1642 3076 2107 3153 immortalitate;
2134 3078 2301 3141 nulla
2322 3085 2524 3143 autem
2548 3086 2643 3144 est
2657 3082 2867 3145 harum

944 3180 1304 3256 veritatum,
1358 3194 1540 3261 quam
1604 3180 1889 3244 absurdis
1940 3181 2339 3261 opinionibus
2368 3199 2489 3247 non
2525 3184 2868 3248 viti-averint

945 3283 1150 3349 variae
1199 3284 1591 3364 antiquorum
1639 3290 1700 3349 et
1746 3286 2150 3350 recentiorum
2185 3288 2454 3351 scholae.
2505 3291 2703 3363 Quare
2748 3304 2864 3352 non

927 3387 1252 3452 immerito
1313 3388 1681 3466 dixerimuS,
1745 3389 1909 3471 quod
1962 3407 2077 3455 suo
2122 3395 2248 3471 jam
2295 3397 2563 3472 tempore
2606 3396 2859 3457 Cmnno:

951 3492 1227 3557 »Nescio
1315 3492 1619 3571 quomodo
1682 3495 1838 3557 nihil
1916 3502 2039 3559 tam
2111 3496 2375 3561 absurde
2439 3497 2561 3561 dici
2627 3504 2857 3577 potest,

951 3597 1165 3681 »÷quod
1190 3612 1313 3660 non
1355 3597 1596 3661 dicatur
1641 3599 1717 3662 ab
1764 3599 1972 3681 aliquo
2014 3600 2593 3681 Philosophorum.”
2624 3611 2646 3637 ¹·

1025 3686 1319 3775 Quamvis
1410 3701 1619 3780 itaque
1700 3702 2106 3782 profiteamur,
2182 3707 2511 3771 humanam
2578 3711 2862 3775 rationem

945 3804 1072 3884 jam
1100 3804 1395 3868 firmatam
1415 3812 1476 3869 et
1498 3808 1803 3871 evolutam
1832 3809 2128 3886 sufficere,
2160 3815 2232 3874 ut
2258 3814 2557 3893 quaedam
2580 3816 2860 3895 specialia

951 3908 1148 3974 officia
1193 3908 1410 3974 saltem
1455 3912 1784 3992 praecipua
1820 3914 2209 3995 aliquatenus
2260 3925 2595 3999 cognoscat
2640 3926 2699 3985 et
2738 3937 2859 4001 per-

1018 4100 1036 4126 ²
1077 4096 1262 4155 Reme,
1299 4095 1432 4147 Tom.
1467 4096 1523 4159 1,
1559 4100 1652 4149 3³²⁶
1689 4096 1833 4158 serie,
1870 4116 1919 4165 p.
1956 4102 2069 4154 357.

1019 4191 1040 4218 ²
1079 4184 1270 4245 Reme,
1304 4185 1437 4237 Tom.
1473 4187 1530 4249 1,
1568 4192 1659 4239 3¹³⁸
1696 4188 1845 4251 serie,
1878 4207 1929 4256 p.
1965 4192 2086 4251 279,
2123 4190 2237 4243 281.

1020 4274 1040 4301 ⁸
1080 4274 1232 4326 Cours
1264 4275 1626 4339 d’astronomie,
1658 4298 1709 4347 p.
1745 4282 1811 4331 92

1022 4365 1043 4390 ⁴
1078 4366 1152 4418 De
1185 4366 1516 4430 Divinatione,
1552 4369 1661 4422 Lib.
1696 4372 1779 4433 11,
1815 4388 1919 4439 cap.
1958 4378 2037 4425 58.
