3128 5476
937 707 958 744 ο
1214 679 1278 736 21

273 898 309 938 »
337 888 808 963 gouvernement
887 879 1130 962 general
1217 881 1290 944 de
1359 881 1418 942 la
1490 868 1786 944 societess'
1813 892 1829 917 ²
1919 885 2218 963 Perquam

273 984 486 1048 facilis
523 985 678 1064 ipsis
721 989 817 1048 est
855 985 1198 1063 responsio,
1234 985 1289 1047 si
1315 999 1575 1063 quaeras
1620 984 1778 1049 unde
1804 990 1973 1049 tanta
1994 985 2220 1065 jndieii·

273 1087 604 1152 diversitas
657 1088 715 1150 in
765 1088 868 1164 iis,
897 1088 1002 1167 qui
1049 1088 1295 1167 penitus
1340 1089 1712 1168 perscrutari
1756 1090 2082 1151 humanam
2112 1105 2217 1152 na·-

275 1196 478 1253 turam
540 1191 838 1253 nituntur.
927 1191 1162 1254 Nedum
1225 1193 1447 1255 etenim
1509 1193 1699 1255 variis
1776 1196 1837 1255 et
1876 1192 2219 1257 contradic-

276 1293 457 1356 toriis
559 1295 882 1374 sententiis
955 1295 1212 1359 rationis
1279 1295 1401 1358 sihi
1474 1296 1721 1358 relictae
1795 1296 2221 1375 impotentiam.

277 1403 641 1476 agnoscant,
677 1404 745 1460 ut
786 1402 992 1462 PLA‘ro
1032 1401 1412 1478 C1cnaoque3
1472 1399 1745 1477 idipsum
1789 1399 1852 1461 in
1900 1415 2217 1480 argumen-

279 1504 415 1562 tum
465 1500 754 1577 afferunt,
803 1507 870 1563 ut
919 1503 1219 1567 rationem
1260 1500 1634 1566 individuam
1656 1502 1949 1565 extollant
1970 1507 2220 1582 propter

279 1603 586 1667 infinitam
663 1605 935 1684 ejusdem
997 1606 1372 1669 varietatem.
1463 1604 1626 1680 Quid
1687 1611 1899 1669 contra
1962 1607 2215 1668 Pauo?

277 1708 612 1771 Soonarmu
657 1709 1005 1788 loquentem
1054 1708 1318 1771 inducit:
1371 1711 1687 1772 »Necesse
1731 1713 1826 1771 est
1865 1714 2221 1788 exspectare

281 1809 530 1875 »donec
578 1811 889 1888 discatur,
927 1811 1433 1892 quemadmodum
1478 1812 1554 1874 ad
1595 1815 1790 1875 Deum
1838 1817 1901 1876 et
1935 1812 2223 1876 homines.

283 1915 557 1978 »habere
601 1932 668 1979 se
704 1915 1024 1980 deceat.’'⁸
1073 1918 1214 1994 Ipse
1259 1916 1320 1979 in
1370 1915 1730 1996 Epinomide
1777 1917 1898 1978 ait:
1936 1918 2217 1980 »Docere

282 2019 619 2098 »pietatem
665 2019 967 2082 neminem
1008 2033 1216 2098 posse,
1271 2020 1395 2082 nisi
1439 2022 1606 2083 Deus
1650 2025 1962 2099 tamquam
1998 2018 2119 2084 dux
2154 2025 2218 2083 et

281 2140 314 2178 »
335 2122 632 2202 magister
659 2123 1050 2201 praeiverit.’'
1077 2122 1395 2186 Praeclare
1431 2123 1618 2184 etiam
1644 2125 1945 2185 Tunius:
1984 2141 2016 2180 »
2035 2125 2213 2186 Nunc

281 2230 568 2300 mutem„
599 2225 830 2304 inquit,
862 2225 1042 2289 simul
1082 2231 1266 2304 atque
1311 2223 1460 2290 editi
1517 2225 1581 2287 in
1626 2225 1823 2289 lucem
1854 2231 1917 2289 et
1938 2226 2211 2306 suseepti

281 2344 582 2405 »sumus,
642 2329 707 2391 in
778 2329 942 2392 omni
991 2330 1282 2394 continuo
1350 2329 1648 2411 pravitate
1714 2334 1774 2391 et
1842 2329 1905 2391 in
1978 2345 2211 2392 summa

281 2433 688 2511 »opinionum
734 2433 1128 2512 perversitate
1177 2448 1521 2508 versamur,
1571 2438 1640 2494 ut
1680 2448 1835 2512 pene
1881 2448 2018 2496 cum
2053 2432 2211 2496 lacte

281 2536 594 2600 »nutricis
643 2552 905 2600 errorem
951 2537 1195 2599 suxisse
1232 2536 1649 2600 videamur.”³
2114 2583 2121 2592 .

353 2639 604 2720 Insigne
647 2645 956 2720 praeterea
998 2641 1412 2704 testimonium
1451 2640 1721 2704 invenire
1756 2645 1853 2704 est
1872 2643 1937 2702 L.
1985 2633 2031 2703 1'.
2064 2657 2118 2704 c.
2156 2659 2198 2703 1.

278 2742 349 2806 de
410 2748 628 2807 natura
694 2748 989 2810 Deorum:
1070 2745 1193 2807 »de
1261 2761 1382 2824 qua
1449 2752 1572 2807 tam
1645 2744 1891 2820 variae,
1954 2744 2199 2825 inquit,

281 2854 474 2911 »sunt
529 2847 1022 2912 doctissimorum
1091 2849 1403 2911 hominnm
1469 2858 1711 2927 tamque
1785 2847 2205 2928 discrepantes

279 2952 696 3027 »sententiae,
745 2957 811 3014 ut
866 2956 1223 3034 argumento
1275 2966 1414 3014 esse
1467 2950 1687 3014 debeat
1731 2968 2014 3029 causam,
2072 2955 2113 3015 i.
2143 2969 2200 3016 e.

280 3054 696 3133 »principium
758 3054 1186 3133 philosophiae
1256 3069 1395 3117 esse
1449 3053 1903 3117 inscientiam.’'
1989 3058 2203 3131 Quam-

281 3156 485 3220 obrem
532 3158 593 3220 in
644 3156 1010 3236 quibusdam
1052 3158 1421 3237 philosopho
1474 3157 1902 3221 recurrendum
1950 3175 2087 3223 esse
2130 3159 2207 3223 ad

281 3276 372 3336 ea,
403 3276 559 3340 quae
609 3259 905 3325 divinitus
931 3262 1112 3325 nobis
1142 3262 1404 3326 revelata
1429 3266 1596 3337 sunt,
1644 3261 1899 3327 candide
1924 3262 2199 3327 fatemur.

278 3366 582 3439 Quaenam
618 3365 906 3427 nimirum
947 3366 1103 3428 ratio
1161 3365 1459 3442 internae,
1509 3380 1692 3444 quam
1722 3366 1985 3445 quisque
2038 3367 2101 3429 in
2139 3382 2207 3430 se

278 3468 602 3551 experitur,
650 3468 851 3531 luctae
879 3516 893 3543 ,
957 3485 1076 3547 qua
1140 3466 1425 3532 nitimur
1495 3468 1571 3532 in
1635 3468 1907 3532 vetitum
1957 3488 2213 3552 semper

278 3570 694 3654 cupimusque
747 3578 1008 3654 neqata,
1047 3588 1082 3633 a
1125 3572 1518 3650 philosophia
1588 3572 2016 3651 daripotest‘?
2058 3576 2205 3637 Pro-

278 3674 644 3752 toparentis‚
707 3690 886 3755 quem
943 3675 1005 3737 in
1056 3675 1262 3738 Sacris
1319 3675 1538 3738 Literis
1590 3674 1851 3756 legimus
1918 3676 2197 3756 lapsum,

280 3776 632 3857 prudentius
682 3778 817 3841 sine
855 3777 1042 3841 dubio
1088 3777 1353 3839 admittit
1387 3778 1795 3857 philosophus
1840 3795 2021 3858 quam
2048 3780 2205 3843 duas

279 3881 814 3960 Peripateticorum
896 3882 1132 3943 animas
1160 3928 1176 3955 ‚
1273 3881 1630 3944 sensitivam
1703 3888 1763 3945 et
1833 3881 2207 3945 materialem

283 4000 482 4060 unam,
529 3984 778 4048 alteram
820 3985 1177 4048 rationalem
1217 3989 1279 4047 et
1325 3984 1687 4063 simplicem.
1738 3988 1873 4050 Non
1915 3984 2209 4049 miramur

348 4145 362 4169 ¹
403 4146 474 4193 De
506 4144 552 4193 la
585 4143 869 4194 democratia.
903 4160 961 4193 en
997 4145 1081 4193 Fr.
1120 4145 1229 4194 edit.
1267 4145 1322 4194 de
1356 4146 1501 4197 Brux.
1536 4162 1585 4210 p.
1624 4147 1703 4194 13.

346 4246 362 4269 ²
405 4236 464 4284 In
499 4235 608 4285 dial.
645 4236 720 4285 cui
751 4236 829 4285 tit.
866 4236 1054 4284 secund.
1093 4236 1246 4287 Alcib.

345 4329 362 4351 ³
403 4328 598 4391 Quaest.
637 4326 775 4377 Tusc.
814 4328 870 4375 L.
910 4326 1013 4387 111,
1051 4342 1094 4375 c.
1131 4328 1177 4375 2.
