3128 5476
1256 697 1332 789 '43

331 953 364 992 »
385 935 570 998 infixa
635 934 810 998 nobis
885 936 1018 1012 ejus
1093 934 1178 998 rei
1249 935 1548 999 aversatio
1608 941 1737 1010 est,
1800 949 1980 1015 quam
2032 939 2247 998 natura

330 1037 753 1101 »damnavit.''
851 1040 1010 1111 Quot
1049 1043 1108 1100 et
1162 1042 1390 1117 quanta
1438 1038 1655 1102 deinde
1696 1044 1757 1101 et
1804 1043 2050 1102 externa
2091 1038 2253 1101 bona

324 1141 484 1222 legis
551 1141 848 1203 naturalis
915 1140 1339 1204 observantiae
1405 1140 1845 1204 adnectuntur?
1926 1144 2011 1204 Ea
2089 1141 2253 1204 enim

335 1250 452 1319 est,
501 1258 657 1324 quae
703 1242 1025 1306 sanitatem
1072 1243 1346 1322 corporis
1393 1248 1619 1318 tuetur,
1648 1258 1805 1323 quae
1846 1228 2032 1326 vitam
2059 1244 2256 1307 reddit

320 1346 802 1422 diuturniorem,
841 1362 998 1427 quae
1054 1346 1376 1410 facultates
1439 1346 1625 1408 animi
1672 1345 1909 1424 perficit
1946 1353 2007 1412 et
2046 1348 2247 1427 regit,

323 1465 482 1530 quae
517 1449 1125 1534 officiisdomesticis
1165 1454 1228 1512 et
1269 1450 1556 1513 civilibus
1598 1466 1711 1514 nos
1756 1449 1938 1514 efficit
1958 1451 2249 1530 aptioreS,

325 1569 484 1633 quae
525 1554 784 1617 aliorum
825 1553 1359 1628 existimationem,
1407 1551 1691 1616 fiduciam
1725 1559 1788 1617 et
1828 1568 2090 1618 amorem
2112 1569 2252 1621 con-

323 1656 519 1733 ciliat,
582 1673 738 1737 quae
781 1657 1204 1722 adversitatem
1252 1657 1545 1736 patientia
1592 1656 1741 1720 facit
1760 1657 2068 1734 leviorem,
2098 1672 2255 1737 quae

325 1759 598 1823 familiae
663 1766 724 1824 et
765 1761 1080 1824 societatis
1131 1760 1518 1824 securitatem
1596 1764 1658 1822 et
1700 1759 1973 1824 ordinem
2036 1760 2250 1822 firmat.

323 1865 494 1927 Haec
564 1865 770 1928 omnia
830 1864 990 1928 bona
1017 1869 1289 1943 praestat
1332 1864 1753 1943 temperantia,
1797 1863 2063 1942 justitia,
2116 1879 2254 1942 pru-

327 1965 532 2030 dentia
579 1973 640 2030 et
677 1967 1032 2031 fortitudine
1075 1967 1457 2048 caeterisque
1505 1967 1865 2042 virtutihuS,
1916 1983 2071 2047 quas
2096 1981 2253 2030 com-

325 2071 573 2134 mendat
613 2077 675 2134 et
719 2072 1038 2150 praecipit.
1127 2074 1347 2134 Contra
1392 2077 1542 2152 quot
1590 2077 1651 2135 et
1690 2076 1919 2151 quanta
1956 2071 2116 2134 mala
2137 2071 2255 2134 effi-

330 2173 570 2238 ciantur
620 2175 682 2236 in
732 2175 936 2237 animo
983 2173 1131 2236 etin
1162 2189 1449 2253 corpore,
1495 2190 1569 2237 ex
1606 2175 1809 2249 vitiis;
1844 2190 1999 2255 quae
2034 2174 2257 2238 exssuat

329 2279 394 2340 in
443 2277 676 2340 familia
697 2282 756 2340 et
777 2278 1068 2342 societate
1091 2277 1407 2342 calamitas
1431 2283 1492 2340 et
1517 2276 1843 2356 pernicies,
1878 2279 2257 2357 experientia

325 2382 556 2462 pariter
625 2380 874 2444 indubie
946 2386 1206 2445 constat.
1310 2385 1543 2444 Luxum
1611 2388 1672 2445 et
1732 2381 1883 2445 vitia
1947 2367 2257 2446 Romanae

327 2485 728 2564 Reipublicae
788 2485 1118 2564 perniciem
1185 2491 1246 2547 et
1307 2485 1536 2547 exitum
1594 2485 1875 2548 attulisse
1924 2501 2067 2564 prae
2116 2487 2255 2549 aliis

330 2590 592 2652 innuunt
633 2590 1022 2652 Sannus‘rrus
1046 2636 1062 2664 ,
1095 2590 1346 2651 Pmmus
1383 2593 1445 2651 et
1465 2587 1782 2652 ostendere
1804 2604 2135 2670 aggressus
2163 2596 2259 2652 est

327 2694 897 2767 Moivrnsournvms.
945 2691 1209 2756 Tandem
1230 2691 1560 2772 peculiaris
1605 2692 1833 2771 pariter
1858 2692 2101 2758 divinae
2122 2707 2255 2774 pro-

323 2796 627 2861 videntiae
693 2797 1043 2877 dispositio,
1091 2798 1152 2861 vi
1223 2798 1398 2875 cujus
1467 2797 1813 2877 frequenter
1888 2798 2089 2861 media
2167 2798 2255 2860 in-

325 2900 804 2980 proportionata,
859 2900 966 2963 sed
1019 2900 1095 2963 ad
1139 2915 1411 2964 normam
1471 2901 1751 2979 justitiae
1810 2907 1872 2963 et
1914 2902 2255 2965 honestatis

325 3003 623 3080 adhibita,
675 3009 951 3083 optatum
991 3010 1052 3067 et
1102 3004 1342 3067 felicem
1371 3004 1597 3066 exitum
1626 3004 1873 3080 habent;
1910 3005 2255 3085 iniquitatis

325 3122 470 3171 vero
527 3124 600 3171 ac
667 3108 1004 3187 injustitiae
1054 3113 1309 3171 conatus
1356 3107 1432 3169 ad
1482 3109 1725 3188 regulas
1776 3108 1925 3171 artis
1983 3109 2253 3187 apprime

327 3212 676 3277 concinnati
725 3212 940 3275 effectu
992 3227 1104 3275 suo
1161 3213 1418 3290 turpiter
1463 3210 1839 3274 frustrantur
1862 3258 1879 3289 ,
1912 3212 2255 3276 earumdem

327 3315 694 3378 naturalium
767 3315 970 3395 legum
1030 3315 1355 3393 aliqualem
1423 3316 1767 3395 praesentis
1835 3316 2021 3379 etiam
2092 3315 2255 3380 vitae

327 3420 702 3484 sanctionem
767 3420 1078 3500 patefacit.
1194 3424 1404 3501 Neque
1466 3420 1635 3484 dicas
1674 3420 1885 3499 ,etiam
1962 3420 2113 3484 vitia
2176 3421 2255 3484 le-

330 3540 594 3606 gumque
623 3524 950 3589 violatores
979 3540 1154 3587 suam
1193 3526 1564 3603 voluptatem
1592 3530 1655 3588 et
1680 3524 1973 3606 gaudium
2001 3523 2248 3598 habere,

332 3628 814 3709 injustitiamque
867 3629 1032 3692 haud
1099 3644 1235 3691 raro
1281 3629 1536 3691 multum
1578 3626 1885 3692 commodi
1928 3632 1989 3690 et
2033 3626 2257 3690 emolu-

327 3733 514 3795 menti
586 3732 838 3807 afferre;
911 3730 1127 3795 deinde
1201 3731 1478 3813 plurimis
1552 3731 1737 3810 huJus
1795 3729 2005 3793 mundi
2048 3730 2250 3806 maliS,

331 3850 524 3914 aeque
566 3836 761 3901 bonos
809 3852 917 3899 seu
965 3835 1262 3898 naturalis
1301 3835 1458 3916 legis
1499 3834 1809 3910 custodeS,
1860 3849 2045 3913 quam
2062 3833 2257 3897 malos

332 3938 630 4003 obnoxios
697 3956 856 4004 esse.
985 3942 1181 4003 Sanae
1264 3940 1490 4002 mentis
1555 3954 1758 4016 nemo,
1826 3943 1923 4002 est
1983 3939 2087 4017 qui
2138 3953 2258 4002 non

332 4041 755 4107 animadvertit
819 4044 968 4108 vitia
1036 4035 1472 4124 quaecumque,
1535 4026 1681 4122 quia
1742 4042 2011 4105 hominis
2080 4047 2257 4104 uatu-

333 4160 434 4209 rae
495 4153 558 4209 et
615 4147 777 4211 bono
839 4162 912 4211 ex
979 4163 1044 4211 se
1109 4147 1526 4222 adversantur,
1578 4146 1712 4225 ejus
1773 4160 1947 4210 verae
2006 4145 2258 4209 utilitati

405 4382 420 4407 ¹
459 4378 548 4445 Ep.
586 4380 666 4433 97.
