3128 5476
1285 714 1356 773 115

358 924 549 982 testas
599 919 714 981 hoe
759 917 935 980 modo
988 923 1281 996 spectata,
1333 919 1434 996 jus
1483 918 1643 978 vitae
1679 931 1753 980 ae
1782 916 1949 980 neeis
1987 919 2277 996 eontinet,

357 1030 668 1101 tamquam
700 1020 998 1094 medium,
1043 1020 1119 1083 ad
1161 1021 1340 1084 finem
1385 1021 1654 1084 civitatis
1704 1020 2125 1096 obtinendum,
2180 1039 2284 1103 ap-

356 1126 550 1205 prime
591 1125 1008 1188 neeessarium
1053 1139 1126 1187 ac
1170 1124 1423 1204 proinde
1471 1139 1508 1185 a
1552 1125 1713 1198 De0,
1773 1129 1841 1186 ut
1887 1129 2133 1188 auctore
2176 1142 2283 1189 na-

359 1235 530 1292 turae
585 1244 658 1292 ae
727 1243 1010 1307 supremo
1073 1227 1318 1292 domino
1370 1229 1532 1292 vitae
1578 1244 1651 1291 ae
1694 1227 1886 1302 neeis,
1939 1243 2078 1292 eum
2118 1229 2285 1292 civili

357 1332 613 1411 imperio
669 1332 1082 1410 conjunctum.
1170 1331 1344 1406 Quod
1386 1332 1443 1394 si
1489 1336 1801 1410 spectatur
1842 1337 2115 1410 potestas
2140 1350 2286 1413 qua-

359 1441 538 1499 tenus
589 1436 863 1498 inhaeret
911 1435 974 1498 in
1017 1440 1180 1498 certo
1232 1435 1534 1514 subjecto,
1581 1434 1642 1497 id
1692 1435 2033 1514 subjectum
2076 1451 2112 1498 a
2159 1438 2287 1500 Deo

357 1545 418 1602 et
451 1544 682 1604 natura.
717 1538 1178 1603 determinatum
1220 1554 1343 1602 non
1392 1543 1517 1614 est,
1566 1537 1670 1602 sed
1717 1553 1824 1617 per
1863 1543 2110 1617 paetum
2150 1539 2288 1602 uni-

360 1643 500 1707 onis
535 1649 596 1706 et
639 1641 1042 1720 subjectionis
1089 1641 1558 1706 determinatur:
1622 1647 2003 1720 supponatur
2029 1644 2289 1722 exempli

362 1747 561 1826 gratia
585 1793 602 1822 ,
654 1745 816 1825 quod
858 1745 1122 1824 populus
1172 1741 1278 1824 per
1323 1751 1571 1824 pactum
1599 1745 1847 1810 unionis
1881 1746 1945 1806 in
1979 1745 2289 1810 democra-

361 1849 513 1912 tiam
553 1856 759 1925 eoeat‚
810 1848 1068 1927 indeque
1111 1864 1266 1913 novo
1304 1852 1482 1928 pacto
1528 1848 1931 1927 subjectionis
1954 1849 2030 1910 ad
2061 1853 2290 1912 statum

363 1953 850 2018 aristocratieum
888 1953 985 2018 vel
1025 1951 1486 2017 monarchieum
1541 1957 1842 2028 transeat,
1900 1951 2064 2015 haud
2112 1967 2292 2034 aegre

363 2057 747 2138 intelligitur,
781 2073 902 2135 quo
951 2056 1128 2120 modo
1191 2060 1461 2134 potestas
1525 2071 1561 2118 a
1622 2057 1847 2135 populo
1889 2055 2293 2119 transferatur

361 2160 440 2222 ad
520 2175 752 2239 paucos
839 2159 934 2222 vel
1005 2158 1082 2221 ad
1135 2173 1362 2231 unum3
1413 2173 1613 2236 neque
1662 2159 1789 2220 ulla
1836 2164 2087 2237 apparet
2130 2160 2291 2222 sufli-

245 2309 255 2316 -
363 2264 533 2327 ciens
605 2263 759 2326 ratio
813 2260 1160 2325 recurrendi
1229 2261 1306 2322 ad
1353 2263 1548 2322 Deum
1595 2265 1907 2338 tamquam
1955 2263 2293 2339 proximum

362 2366 586 2428 summi
645 2366 880 2444 imperii
951 2365 1332 2438 collatorem
1383 2365 1530 2442 quia
1578 2370 1638 2425 et
1682 2363 1945 2442 populus
1985 2369 2111 2426 tum
2155 2365 2313 2444 ipso·

362 2470 482 2532 hoe
507 2485 746 2532 summo
794 2469 1044 2548 imperio
1091 2465 1334 2548 gaudet,
1388 2471 1517 2529 tum
1554 2467 1894 2544 etiamJ'ure
1922 2466 2072 2530 illud
2098 2473 2295 2530 trans·

367 2572 598 2636 ferendi
667 2572 744 2634 ad
810 2586 1040 2651 paucos
1115 2570 1211 2633 vel
1280 2568 1355 2631 ad
1426 2585 1638 2631 unum.
1775 2571 2080 2644 Quantum
2152 2586 2293 2634 vero

362 2677 566 2743 varias
611 2674 928 2757 regiminis
976 2673 1202 2736 formas
1251 2672 1502 2747 attinet,
1543 2674 1659 2734 has
1688 2672 1935 2736 silentio
1965 2674 2293 2753 praeterire

365 2780 546 2844 nohis
614 2780 836 2853 liceat,
885 2794 1073 2857 quum
1123 2778 1186 2839 in
1229 2777 1412 2841 rebus
1458 2777 1743 2839 humanis
1802 2778 1958 2840 nihil
2000 2778 2085 2840 sit
2132 2778 2293 2856 quod

367 2883 658 2963 spectatis
707 2882 992 2946 omnihus
1042 2880 1348 2959 adJunetis
1396 2871 1709 2959 tamquam
1756 2882 2051 2961 optimum
2081 2882 2292 2945 haberi

367 2994 590 3067 queat,
636 3002 834 3066 neque
890 2991 1011 3046 tam
1053 3001 1090 3046 a
1136 2984 1486 3048 diversitate
1530 2984 1757 3047 formae
1807 3000 1991 3063 quam
2039 2984 2115 3046 ab
2158 2985 2292 3063 ejus

366 3096 531 3155 reeta
599 3088 977 3153 ordinatione
1031 3088 1357 3168 legumque
1425 3087 1706 3150 custodia
1780 3087 2040 3149 felicitas
2085 3088 2291 3151 civita-

365 3196 447 3257 tis
490 3194 845 3273 dependeat.
934 3193 1246 3253 Caeterum
1314 3192 1369 3252 si
1442 3190 1495 3253 is
1550 3206 1738 3270 penes
1782 3206 1960 3270 quem
1989 3197 2085 3253 est
2110 3192 2293 3271 impe-

366 3300 546 3375 rium,
596 3298 726 3360 sive
773 3297 856 3358 sit
902 3310 1162 3375 persona
1204 3295 1461 3373 physica
1510 3294 1639 3357 sive
1684 3295 1970 3371 moraliS,
2000 3295 2289 3375 idipsum,

368 3383 529 3481 quod
633 3415 910 3463 emanare
998 3414 1032 3461 a
1122 3401 1248 3462 Deo
1357 3398 1815 3477 sapientissimo
1906 3398 2288 3477 profitemur,

363 3510 674 3580 exerceat,
724 3509 790 3565 ut
839 3504 1031 3585 legem
1058 3501 1280 3565 condat
1326 3500 1525 3564 ordini
1570 3502 1783 3565 morali
1840 3501 2003 3564 haud
2046 3517 2292 3581 respon-

367 3610 652 3683 dentem,
726 3606 948 3669 misere
1016 3604 1268 3684 imperio
1344 3604 1619 3667 abutitur
1696 3620 1809 3669 neo
1880 3604 2110 3667 subditi
2158 3606 2293 3684 jure

371 3713 477 3776 sed
511 3710 842 3777 vicedunt.
929 3706 1444 3785 Quemadmodum
1500 3709 1725 3771 etenim
1767 3713 2039 3772 caeterae
2082 3709 2288 3789 leges,
2356 3762 2360 3767 .

369 3822 634 3891 statuta,
715 3814 1010 3892 rescripta
1084 3812 1278 3875 aliave
1354 3812 1476 3893 legi
1546 3809 1985 3875 fundamentali
2032 3812 2293 3891 alicujus

367 3900 583 4002 populi
651 3916 1021 3979 inaedificari
1078 3915 1293 3978 merito
1343 3921 1701 3991 censentur3
1756 3916 1847 3979 sie
1888 3921 1950 3979 et
1988 3917 2152 3995 leges
2192 3932 2293 3995 po-

369 4025 652 4105 pulorum
692 4020 1175 4084 fundamentales
1217 4018 1417 4083 ordini
1463 4020 1679 4083 morali
1723 4035 1834 4083 eeu
1881 4035 2149 4082 summae
2173 4020 2293 4101 legi

371 4129 872 4207 superstruantur
950 4137 1201 4187 necesse
1260 4128 1374 4186 est.
1463 4122 1623 4198 Quid
1668 4122 1831 4184 enim
1872 4129 1967 4186 est
2012 4138 2167 4202 quae
2197 4141 2293 4186 vo-

373 4237 546 4313 catur
590 4229 789 4311 gentis
835 4228 1098 4306 alicujus
1146 4214 1500 4291 Constitutio
1529 4276 1544 4304 ,
1596 4227 1719 4290 nisi
1768 4243 2003 4290 summa
2050 4227 2145 4290 lex
2172 4242 2293 4289 mo-

374 4337 545 4411 raliS,
585 4333 774 4399 variis
821 4331 1030 4412 populi
1086 4331 1557 4395 necessitatibus
1604 4331 1971 4412 proprioque
2017 4346 2129 4395 suo
2160 4332 2295 4410 jure
