3128 5476
1281 723 1342 780 tl

353 938 628 996 Honora
647 937 906 1014 patrem
936 937 1118 992 tuum
1145 936 1204 992 ct
1227 940 1522 994 matrem.
1614 929 1786 1003 Quod
1834 931 1889 992 si
1922 929 2279 994 alterutrum

351 1036 566 1116 eligat,
630 1034 802 1096 illum
859 1032 954 1097 vel
1015 1033 1283 1112 praemia
1343 1031 1499 1096 ferre
1545 1034 1641 1096 vel
1682 1049 1913 1113 poenas
1939 1035 2105 1097 luere
2147 1035 2278 1096 uni-

348 1139 510 1202 versi
551 1137 793 1218 generis
837 1137 1084 1199 humani
1127 1136 1502 1201 conscientia
1549 1138 1755 1217 arguit
1794 1137 2137 1218 Divinaque
2186 1153 2278 1200 re-

353 1241 544 1321 quirit
597 1241 861 1320 justitia.
931 1243 1096 1306 Haec
1135 1245 1233 1304 est
1278 1255 1435 1319 quae
1479 1240 1695 1304 merito
1741 1245 1995 1303 vocatur
2036 1242 2280 1320 justitia

355 1345 634 1408 absoluta
661 1393 676 1418 ‚
739 1359 1016 1425 quaeque
1062 1345 1179 1408 soli
1235 1347 1362 1408 Deo
1413 1345 1720 1423 competit.
1806 1348 1949 1423 Ipse
1996 1345 2281 1408 nimirum

355 1447 558 1510 omnia
611 1447 676 1508 in
723 1447 1036 1512 individuo
1078 1448 1396 1529 cognoscit
1441 1453 1503 1510 et
1546 1447 1971 1526 quodcumque
2020 1448 2280 1526 imputa-

357 1553 584 1614 tionem
647 1551 881 1615 minuat
933 1557 1224 1632 augeatve
1285 1551 1620 1631 adaequate
1688 1551 2016 1614 discernit:
2072 1556 2279 1616 Homo

355 1653 532 1716 videt
565 1671 640 1717 ea
667 1673 832 1737 quae
857 1661 1120 1736 parcnt,
1149 1653 1465 1717 Dominus
1511 1662 1730 1720 autem
1772 1654 2074 1718 intuetur
2102 1664 2273 1718 σον.ι

435 1757 694 1820 vinculo
727 1793 748 1820 μ
781 1757 971 1837 igitur
1025 1757 1264 1821 -morali
1321 1758 1476 1838 legis
1540 1758 1964 1822 observantiae
2021 1759 2281 1822 adstrin-

359 1861 580 1940 gimur,
607 1861 924 1925 sanctione
965 1861 1268 1936 videlicet,
1303 1877 1462 1942 quae
1489 1862 1567 1924 ad
1611 1863 2003 1925 intrinsecam
2046 1862 2280 1926 ordinis

357 1965 606 2029 moralis
687 1965 1187 2030 constitutionem
1243 1965 1429 2028 simul
1489 1971 1550 2028 et
1608 1965 1938 2030 efficaciam
1993 1967 2277 2044 pertinet.

356 2071 426 2132 In
460 2085 532 2132 eo
581 2074 785 2132 autem
826 2069 1114 2132 consistit
1157 2069 1406 2146 propria
1454 2069 1797 2132 sanctionis
1840 2075 2082 2145 natura,
2120 2070 2283 2150 quod
2312 2052 2353 2074 ⁵

358 2171 554 2252 legem
621 2171 945 2235 sufficienti
1015 2170 1286 2249 praemio
1350 2187 1422 2234 ac
1461 2187 1661 2251 poena
1707 2177 1925 2252 urgeat
1972 2178 2155 2253 atque
2197 2174 2285 2234 ita

357 2276 614 2338 liberam
674 2274 942 2338 hominis
981 2275 1354 2339 voluntatem
1400 2274 1462 2336 in
1507 2275 1607 2336 sui
1652 2274 2105 2339 observantiam
2153 2277 2283 2339 alli·

359 2380 504 2444 ciat.
579 2383 862 2442 Fatemur
901 2378 1184 2458 equidem
1229 2379 1607 2442 sanctionem
1650 2379 1979 2458 perfectam
2031 2381 2093 2442 in
2114 2397 2285 2460 prae·

361 2485 522 2548 senti
543 2484 669 2546 vita
694 2484 1043 2546 nullatenus
1071 2483 1356 2548 obtineri.
1384 2483 1594 2546 Virtus
1626 2484 1849 2546 etenim
1878 2488 1939 2546 et
1964 2485 2280 2561 honestam,

359 2588 601 2651 etiamsi
645 2588 796 2652 vitio
839 2594 900 2652 et
955 2588 1318 2668 turpitudini
1365 2588 1570 2651 nativo
1620 2604 1734 2650 suo
1766 2588 2091 2668 splendore
2112 2605 2285 2668 prae-

359 2692 586 2755 cellant
609 2740 625 2768 ,
685 2692 1048 2774 quandoque
1115 2693 1276 2757 mala
1327 2691 1590 2771 plurima
1655 2691 2009 2771 patiuntur,
2064 2693 2287 2757 nedum

362 2797 633 2876 praemia
699 2796 888 2877 digna
954 2798 1170 2861 ferant.
1259 2796 1775 2872 Quemadmodum
1822 2797 2007 2871 etiam
2059 2797 2165 2873 fit,
2219 2803 2289 2860 ut

359 2902 470 2980 qui,
514 2917 794 2980 perverse
841 2907 1032 2982 agunt
1051 2902 1146 2965 vel
1169 2917 1400 2981 poenas
1429 2903 1603 2965 luant
1623 2902 1881 2965 leviores
1909 2902 2005 2966 vel
2031 2917 2288 2981 poenam

361 3004 659 3084 effugiant
716 3006 811 3068 vel
879 3005 1093 3068 saltem
1166 3020 1396 3083 poenae
1440 3004 1726 3068 vitandae
1784 3020 1952 3083 spem
1992 3006 2281 3068 habeant.
2324 3024 2327 3029 ·

363 3108 526 3184 Quin
575 3113 636 3171 et
687 3107 1016 3187 aliquando
1060 3108 1302 3187 J'ustitia
1353 3108 1488 3185 ipsa
1533 3122 1606 3169 ac
1644 3104 1903 3169 fidelitas
1949 3107 2286 3171 individuo-

361 3228 496 3275 rum
521 3212 683 3287 odia‚
727 3212 1066 3275 calumnias
1103 3226 1174 3275 ac
1216 3211 1673 3291 persecutiones
1720 3226 1843 3275 non
1882 3211 2061 3275 modo
2102 3212 2287 3275 susti-

363 3332 507 3379 nere
593 3316 866 3395 cogitur,
953 3315 1060 3378 sed
1150 3320 1445 3379 armatam
1519 3314 1811 3378 adversus
1888 3330 1955 3377 se
2037 3316 2288 3378 humani

360 3420 590 3500 jndicis
650 3435 900 3483 manum
943 3419 1112 3483 illam
1152 3419 1460 3495 formidat,
1510 3435 1548 3481 a
1589 3436 1711 3499 qua
1760 3434 1935 3481 suam
1982 3418 2290 3484 defensio«

365 3541 506 3589 nem
567 3530 630 3588 et
670 3523 1042 3605 praesidium
1081 3523 1510 3603 praestolatur.
1559 3527 1757 3597 Quam
1811 3523 2075 3604 denique
2127 3523 2288 3585 utili-

365 3634 550 3693 tatem
595 3629 692 3693 vel
739 3628 1080 3707 praemium·
1122 3627 1284 3691 bona
1328 3628 1514 3705 hujus
1561 3628 1723 3691 vitae
1772 3633 2037 3706 possunt
2078 3627 2289 3691 afferre

367 3732 482 3807 illi,
529 3734 638 3813 qui
683 3733 748 3798 in
797 3730 1216 3797 custodiendis
1275 3735 1528 3794 naturae
1576 3731 1853 3811 legibuS‚
1910 3731 2284 3808 divitiarum,

366 3836 586 3912 famae,
628 3836 913 3899 'sanitatis
952 3836 1048 3900 vel
1075 3835 1259 3899 etiam
1302 3834 1502 3913 ipsius
1546 3836 1708 3899 vitae
1751 3836 2052 3914 jacturam
2100 3852 2290 3916 quan·
2320 3890 2337 3909 ,

361 3940 560 4019 doque
603 3941 869 4018 patitur?
938 3940 1099 4016 Quid
1123 3955 1301 4021 ergo,
1365 3939 1489 4001 nisi
1535 3939 1813 4003 dicamus
1837 3940 2165 4019 perfectam
2194 3955 2289 4003 or-

366 4044 530 4107 dinis
599 4044 847 4107 moralis
892 4044 1270 4110 sanctionem
1315 4041 1396 4105 ad
1439 4044 1624 4105 vitam
1668 4044 1937 4105 suturam
1970 4044 2283 4122 pertineri.
2349 4088 2353 4092 -

365 4147 828 4221 vetustissima,
867 4153 936 4209 ut
979 4154 1188 4211 notum
1229 4153 1344 4223 est,
1392 4152 1575 4229 atque
1622 4146 1993 4211 universalis
2018 4146 2291 4212 omnium

441 4383 454 4407 ¹
495 4356 618 4431 Bib'l.
657 4399 775 4433 sacr.
816 4386 931 4448 neg.
973 4386 998 4434 1
1039 4384 1192 4442 xvi,
1233 4385 1277 4435 τ.
