3128 5476
1791 723 1865 782 46

1772 928 1873 989 IV.

936 1137 1134 1203 Verba
1198 1142 1310 1200 art.
1366 1138 1470 1200 964
1536 1136 1601 1197 C.
1650 1134 1715 1196 C.
1770 1129 2012 1196 »welke
2064 1130 2167 1194 het
2210 1129 2359 1193 kind
2396 1130 2475 1210 bij
2526 1127 2799 1194 versterf

863 1240 1104 1306 »zoude
1147 1240 1385 1305 hebben
1429 1237 1705 1320 geerfd.”

940 1365 972 1402 »
1001 1395 1014 1407 .
1041 1395 1052 1408 .
1079 1395 1092 1407 .
1119 1395 1132 1408 .
1157 1360 1276 1408 van
1333 1344 1629 1425 hetgeen,
1682 1340 1949 1413 betzelve
2008 1339 2088 1418 bij
2138 1336 2401 1403 versterf
2452 1337 2643 1402 zoude
2690 1352 2787 1401 er-

863 1468 896 1506 »
990 1450 1099 1511 n.”
1754 1493 1757 1497 -

913 1464 1280 1616 V>1³...Jvan
1327 1550 1585 1631 hetgeen
1628 1548 1726 1611 elk
1775 1545 1923 1610 kind
1970 1545 2049 1625 bij
2090 1545 2353 1610 versterf
2372 1544 2562 1608 zoude
2586 1543 2792 1626 gehad

865 1652 1226 1718 »behben.”
2036 1662 2042 1671 ·

940 1756 1408 1839 inadaequatam
1445 1753 1747 1835 portionis
1775 1751 2082 1834 legitimae
2118 1751 2597 1817 enuntiationem
2638 1765 2791 1815 con-

861 1861 1080 1926 tinent.

1784 2065 1856 2126 V.

939 2273 1259 2353 Objeetum
1337 2269 1735 2353 obligationis
1816 2269 2211 2333 alternativae
2274 2273 2373 2332 est
2418 2269 2655 2350 aliquid
2696 2272 2793 2334 in-

861 2376 1362 2451 determinatum
1429 2375 1631 2438 donec
1700 2373 1861 2437 facta
1929 2372 2113 2437 fuerit
2164 2372 2381 2437 electio
2411 2372 2502 2435 'ab
2544 2389 2657 2449 eo,
2710 2375 2795 2438 ad

862 2497 1042 2562 quem
1113 2479 1337 2561 eligere
1393 2479 1657 2559 pertinet
1714 2477 1810 2540 vel
1892 2476 2141 2540 interitu
2236 2476 2325 2538 rei
2405 2477 2587 2541 unius
2652 2477 2795 2558 plu-

859 2585 1090 2649 riumve
1131 2583 1436 2662 objectum
1487 2580 1887 2662 obligationis
1933 2585 2165 2645 certum
2220 2583 2281 2642 et
2306 2579 2621 2644 definitum
2651 2596 2793 2646 eva-

861 2687 1034 2752 serit.
1142 2688 1413 2750 Duarum
1483 2700 1607 2749 una
1677 2700 1774 2749 res
1830 2699 1952 2748 non
2018 2684 2291 2762 debetur,
2359 2685 2484 2753 nisi
2538 2685 2783 2767 posito,

865 2790 1030 2871 quod
1098 2806 1221 2855 non
1279 2790 1456 2854 detur
1525 2789 1753 2863 altera;
1839 2803 2027 2867 quare
2089 2794 2349 2870 utraque
2400 2790 2516 2853 sub
2579 2789 2791 2855 condi-

859 2896 1028 2960 tione
1108 2894 1172 2956 in
1236 2892 1672 2975 obligationem
1732 2892 2011 2957 ducitur:
2086 2892 2149 2956 id
2209 2894 2393 2970 enim,
2447 2894 2610 2973 quod
2660 2910 2790 2959 non

860 2999 1038 3063 detur
1091 2999 1242 3061 haec
1295 2997 1392 3062 vel
1445 2995 1552 3059 illa
1619 3011 1716 3061 res
1744 3044 1760 3073 ‚
1816 2995 2114 3076 dependet
2162 2997 2241 3059 ab
2288 3002 2506 3061 eventu
2559 2998 2794 3063 incerto

859 3107 920 3165 et
972 3101 1197 3165 futuro.
1283 3102 1428 3180 Ipsa
1479 3104 1681 3165 tamen
1738 3099 2034 3182 obligatio
2082 3100 2442 3166 alternativa
2490 3100 2789 3167 conditio-

863 3204 1023 3268 nalis
1081 3217 1203 3268 non
1250 3207 1366 3279 est.

1776 3409 1879 3474 VI.

936 3622 1090 3684 Tum
1122 3618 1418 3684 articulus
1469 3619 1642 3680 4344.
1706 3619 1769 3680 C.
1820 3620 1885 3681 C.
1920 3618 1985 3681 in
2018 3617 2259 3683 verbis:
2310 3618 2555 3684 »indien
2609 3618 2791 3683 beide

861 3722 1100 3787 »zaken
1133 3725 1253 3799 zijn
1287 3720 1558 3786 verloren
1586 3736 1843 3803 gegaan,
1884 3737 1959 3786 en
1988 3721 2063 3788 de
2100 3722 2508 3788 schuldenaar
2530 3722 2793 3799 oorzaak

861 3827 968 3889 »is
1023 3840 1141 3890 van
1182 3827 1289 3890 bet
1324 3838 1589 3905 vergaan
1630 3840 1748 3889 van
1796 3840 1943 3890 eene
1966 3842 2083 3890 van
2111 3825 2324 3903 beide,
2387 3832 2551 3892 moet
2595 3826 2675 3905 bij
2712 3826 2792 3889 de

860 3948 892 3987 ›>
911 3928 1153 3994 waarde
1179 3927 1419 3993 betalen
1447 3942 1567 3992 van
1589 3926 1690 3993 die
1719 3929 1892 4007 zaak,
1932 3929 2126 3995 welke
2154 3932 2259 3996 het
2284 3932 2471 3995 laatst
2492 3932 2546 3995 is
2568 3936 2627 3995 te
2662 3930 2795 3997 niet

861 4052 894 4091 »
912 4034 1216 4115 gegaan.”
1251 4037 1382 4096 tum
1403 4032 1701 4097 articulus
1739 4035 1843 4097 434
1856 4036 1915 4097 2.
1946 4033 2011 4097 in
2034 4034 2238 4099 verbis
2262 4054 2275 4096 :
2307 4034 2585 4117 »ingeval
2612 4033 2792 4098 beide

861 4137 1100 4203 »zaken
1121 4136 1238 4215 zijn
1267 4151 1552 4219 vergaan,
1593 4136 1715 4200 kan
1747 4136 1823 4201 de
1844 4137 2333 4215 schuldeischer,
2380 4137 2587 4204 indien
2614 4138 2790 4202 zulks

861 4260 894 4300 »
915 4248 1016 4307 ten
1038 4241 1289 4306 aanzien
1305 4290 1476 4305 .....
1521 4241 1673 4305 zelfs
1694 4256 1811 4306 van
1836 4256 1985 4307 eene
2004 4242 2296 4320 derzelve,
2324 4258 2440 4308 aan
2468 4242 2544 4308 de
2569 4242 2791 4308 schuld

863 4361 1030 4412 »van
1081 4345 1198 4410 den
1244 4344 1649 4411 schuldenaar
1709 4346 1763 4409 is
1813 4351 1911 4411 toe
1952 4350 2009 4410 te
2048 4347 2349 4425 sehrijven
2385 4395 2400 4424 ,
2455 4345 2530 4411 de
2550 4346 2791 4411 waarde
