3128 5476
1205 679 1279 738 33

239 888 364 946 est
393 929 410 957 ,
485 895 640 963 quae
716 880 1000 946 omnibus
1059 881 1400 946 cervicibus
1458 883 1717 962 imponit
1767 882 2199 961 sempiternum

243 986 469 1050 Deum
543 983 831 1062 judicem,
913 983 986 1047 de
1036 1000 1155 1064 quo
1199 992 1654 1066 conqueruntur
1720 986 2024 1065 Epicurei,
2090 981 2197 1065 q'ui

245 1093 495 1152 cuncta
551 1087 961 1167 prospiciens,
1008 1089 1230 1169 cuique
1257 1104 1364 1168 pro
1388 1090 1603 1154 merito
1633 1089 1945 1154 retribuet.
1993 1089 2197 1153 Socie-

250 1190 418 1254 tatis
463 1191 651 1268 igitur
700 1205 885 1270 quam
942 1192 1204 1255 maxime
1252 1193 1539 1270 interest,
1595 1209 1835 1258 omnem
1878 1193 2034 1257 tueri
2081 1194 2197 1255 Re·

245 1293 587 1375 ligionem,
641 1293 964 1358 dummodo
1019 1310 1256 1359 morum
1298 1297 1635 1378 integritati
1684 1303 1867 1375 atque
1887 1295 2199 1360 sanctitati

251 1413 340 1460 ex
384 1412 586 1476 aequo
632 1391 974 1461 conveniat.
1022 1397 1298 1478 Idipsum
1346 1399 1526 1464 nobis
1574 1400 1801 1465 clarius
1848 1399 2092 1475 evadet,
2141 1399 2195 1462 si

250 1498 442 1580 prius
489 1500 880 1578 antiquorum
926 1501 1048 1564 fata
1102 1501 1468 1582 populorum
1513 1503 1577 1566 in
1632 1503 1988 1567 memoriam
2032 1518 2197 1568 revo-

254 1618 502 1668 cemus.
591 1604 994 1680 Quamobrem
1057 1621 1181 1670 non
1249 1606 1360 1670 abs
1410 1623 1474 1670 re
1521 1606 1661 1682 erit,
1711 1606 2009 1686 quaedam
2023 1621 2199 1687 prae-

257 1709 510 1772 mittere
555 1707 630 1770 de
666 1708 881 1771 intima
919 1709 1145 1774 unione
1185 1714 1519 1789 mutuoque
1568 1724 1910 1786 concursu,
1971 1708 2197 1788 quibus

259 1810 518 1890 Religio
576 1816 638 1873 et
691 1827 891 1875 mores
933 1819 994 1876 et
1030 1812 1196 1893 leges
1244 1813 1472 1876 bonum
1519 1799 1836 1892 publicum
1890 1812 2073 1876 simul
2128 1827 2200 1878 ac

262 1915 579 1994 privatum
639 1914 802 1996 apud
850 1915 1139 1997 antiquos
1181 1917 1645 1980 constituerent

347 2016 626 2097 Api-imis
644 2018 835 2098 igitur
849 2017 1162 2083 societatis
1191 2018 1456 2083 exordiis
1478 2018 1746 2100 Religio,
1781 1977 2199 2092 firmissimum

269 2120 481 2202 legum
529 2120 879 2185 subsidium
911 2137 1268 2201 morumque
1314 2108 1500 2185 r'obur
1539 2127 1600 2184 et
1635 2121 1968 2200 palladium
1992 2120 2200 2184 habita

274 2223 417 2286 fuit.
471 2223 857 2304 Experientia
902 2239 1166 2304 namque
1203 2224 1417 2305 populi
1440 2225 1884 2308 quamprimum
1902 2225 2200 2290 doceban-

271 2332 394 2404 tur,
431 2326 653 2393 delicta
682 2328 744 2392 in
762 2331 924 2393 Deos
952 2333 1212 2409 patrata,
1245 2344 1368 2393 non
1391 2329 1597 2392 minus
1624 2329 1687 2393 in
1708 2315 1983 2394 ordinem
2002 2329 2201 2410 publi-

272 2445 412 2494 cum
473 2431 792 2495 committi.
881 2435 1071 2508 QuoS,
1143 2433 1365 2512 rejecta
1402 2433 1561 2496 omni
1606 2433 1951 2514 Religione,
1992 2432 2201 2497 divino

270 2533 462 2598 cultui
523 2535 811 2600 resistere
862 2535 1182 2612 videbant,
1256 2536 1394 2600 illos
1466 2552 1577 2600 nec
1633 2536 1901 2601 civitatis
1956 2535 2199 2616 legibus

274 2637 686 2718 obtemperare
728 2639 1214 2719 experiebantur.
1283 2640 1734 2721 Instigantibus
1784 2640 2047 2718 denique
2094 2641 2200 2702 im-

269 2742 391 2821 piis
461 2750 523 2806 et
567 2745 724 2807 alios
775 2745 854 2808 ad
906 2760 1084 2808 omne
1129 2760 1323 2825 genus
1372 2745 1720 2820 criminum,
1756 2744 2074 2823 impietas,
2133 2748 2202 2807 ut

275 2846 502 2909 civitati
549 2848 897 2926 perniciosa
946 2848 1315 2927 ubicumque
1363 2854 1656 2912 terrarum
1683 2846 2004 2928 reprobata
2056 2847 2193 2909 suit.

277 2951 407 3022 Qua
459 2965 638 3029 porro
690 2950 902 3014 imbuti
952 2952 1204 3016 veritate
1240 2968 1364 3017 non
1410 2957 1646 3015 tantum
1691 2952 1919 3015 severis
1956 2950 2199 3032 legibus

276 3050 442 3116 frena
513 3053 809 3134 impietati
878 3056 1202 3119 immittere
1275 3056 1663 3130 nitebantur,
1726 3069 1936 3119 verum
1984 3054 2191 3131 etiam,

275 3163 494 3237 quanta
541 3163 824 3238 poterant
871 3174 1008 3223 cum
1039 3158 1478 3234 sollicitudine,
1519 3157 1907 3239 Religionem
1943 3158 2198 3221 tueban-

277 3267 389 3324 tur.
436 3263 688 3325 constat
730 3267 894 3327 certo
924 3262 1082 3327 inter
1108 3276 1341 3339 omnes,
1394 3261 1669 3341 antiquis
1725 3261 1850 3324 illis
1886 3261 2199 3342 legislato-

275 3364 466 3440 rihuS,
509 3364 896 3445 Religionem
943 3367 1029 3429 ita
1073 3364 1240 3430 cordi
1296 3380 1599 3443 curaeque
1655 3364 1888 3440 fuisse,
1918 3370 1984 3427 ut
2007 3366 2200 3429 cultui

276 3468 475 3533 divino
536 3473 759 3533 cuncta
807 3469 985 3548 quasi
1031 3484 1267 3533 morum
1308 3466 1699 3533 fundamento
1743 3467 2201 3532 inaedificarent

282 3571 573 3637 instituta.
662 3575 973 3651 Quotquot
1029 3577 1209 3648 sunt,
1278 3586 1536 3651 quorum
1592 3572 1799 3652 aliqua
1838 3556 2199 3637 exstat'me-

278 3676 459 3740 moria
521 3683 584 3743 et
637 3692 896 3757 quorum
941 3675 1222 3739 instituta
1282 3675 1470 3757 digna
1525 3675 1804 3752 fuerunt,
1862 3690 2019 3755 quae
2066 3674 2198 3737 lau-

281 3779 521 3857 dentur,
599 3782 768 3863 leges
846 3794 994 3843 suas
1073 3779 1281 3861 sigillo
1350 3778 1691 3843 divinitatis
1774 3780 2190 3861 signaverunt.

282 3885 474 3947 Mmos
503 3883 672 3965 leges
720 3883 1112 3947 Cretensibus
1151 3881 1348 3958 dataS,
1395 3898 1673 3962 quaeque
1723 3884 2033 3947 Puta-oms
2055 3887 2199 3945 tem-

283 4001 420 4067 pore
477 3985 678 4051 adhuc
764 3985 1087 4068 vigebant,
1148 3989 1359 4051 Jovem
1423 3985 1546 4049 sibi
1603 3986 1871 4050 dictasse
1940 3984 2191 4049 effinxit.

285 4092 593 4153 chuneus
632 4089 1242 4153 Lacedaemoniorum
1285 4088 1636 4170 legislator,
1691 4089 1857 4169 leges
1886 4104 2033 4152 suas
2060 4103 2195 4152 non

287 4192 696 4274 promulgavit,
743 4192 863 4255 nisi
895 4198 1217 4274 postquam
1263 4192 1564 4272 Apollinis
1620 4192 1930 4256 oraculum
1978 4206 2195 4255 consu-

288 4297 484 4362 luerat.
533 4299 850 4362 Zamucus
872 4296 1114 4378 legibus
1145 4295 1276 4359 suis
1302 4296 1486 4362 hasce
1507 4294 1784 4377 praefixit
1817 4296 2187 4369 sententias;

984 4418 998 4429 -
1930 4401 1961 4447 3
