3128 5476
1259 716 1337 778 27

325 924 556 1006 quibus
595 923 1001 1004 implicamur,
1043 923 1279 998 sinunt,
1310 927 1381 986 ut
1409 922 1615 986 omnia
1644 924 1833 988 animi
1873 930 1936 988 et
1980 925 2257 1005 corporis

319 1029 420 1092 vel
477 1032 723 1092 externa
765 1025 1084 1092 commoda
1121 1030 1546 1090 consectemur
1587 1027 1681 1090 vel
1729 1027 1984 1108 quaevis
2029 1029 2259 1094 incom-

321 1130 504 1196 moda
525 1130 709 1194 simul
737 1129 1057 1194 evitemus,
1115 1128 1400 1193 Exoritur
1437 1145 1620 1209 saepe
1667 1146 1878 1212 pugna
1916 1137 1978 1198 et
2016 1132 2258 1197 collisio

321 1235 624 1300 bonorum
666 1234 1024 1316 finiumque,
1068 1237 1138 1297 ut
1163 1234 1273 1314 qui
1303 1249 1491 1297 unum
1531 1250 1774 1299 servare
1799 1235 1949 1300 velit
1987 1237 2083 1301 vel
2128 1235 2260 1300 adi-

321 1339 515 1418 pisci,
570 1339 830 1402 alterum
877 1337 1182 1401 dimittere
1230 1354 1265 1402 e
1307 1337 1599 1402 manibus
1640 1344 1918 1420 cogatur.
2006 1343 2097 1404 Ne
2150 1355 2259 1402 au·-

321 1447 444 1506 tem
483 1442 742 1506 nimium
781 1441 1218 1522 distinguendo
1260 1457 1298 1505 a
1337 1443 1822 1507 veritatesimul
1864 1447 1926 1507 et
1968 1458 2005 1505 a
2046 1448 2260 1507 nostro

318 1550 678 1626 argumento
707 1543 1046 1621 deviemuS,
1077 1545 1318 1610 illustre
1339 1545 1603 1610 sufficiat
1624 1561 1961 1610 memorare
1980 1545 2255 1621 effatum,

323 1648 490 1729 quod
538 1648 602 1712 in
625 1648 830 1714 Sacris
875 1649 1096 1712 Literis
1137 1649 1396 1730 legitur:
1448 1649 1753 1726 Quaerite
1773 1648 2071 1732 primum
2115 1667 2261 1732 ‘req-

320 1769 486 1816 ‘mtm
531 1751 652 1816 Dei
717 1761 781 1817 et
811 1750 1156 1836 justitiam
1220 1750 1400 1836 ejvs,
1474 1761 1538 1818 et
1590 1749 1745 1818 haec
1806 1751 2029 1818 omnia
2088 1750 2260 1834 adji-

325 1855 592 1921 cientur
633 1855 844 1921 vobis.
896 1867 916 1894 ⁸

403 1963 626 2026 Verum
667 1962 1020 2026 nullatenus
1065 1961 1389 2025 infirmitas
1429 1961 1735 2024 humanae
1774 1961 1998 2024 mentis
2046 1959 2259 2023 admit·
2364 2017 2371 2026 .

325 2064 402 2127 tit
437 2079 637 2144 neque
681 2064 920 2127 infinita
953 2064 1244 2129 Numinis
1277 2065 1571 2144 perfectio
1626 2064 1851 2145 exigit,
1889 2068 1960 2126 ut
2006 2063 2083 2126 ad
2122 2079 2259 2143 pro-

322 2168 564 2247 positos
607 2167 784 2244 fineS,
829 2169 1140 2247 omniqua
1179 2167 1310 2230 fieri
1353 2172 1578 2247 potest,
1626 2167 1686 2232 vi
1716 2165 2101 2241 contendere,
2135 2181 2259 2232 om-

323 2287 464 2335 nem
517 2255 698 2350 quem
728 2287 1059 2352 possumus
1105 2270 1352 2336 virtutis
1391 2271 1649 2352 gradum
1689 2269 1942 2349 assequi
1978 2270 2260 2351 nihilque

324 2375 722 2455 perfectionis
787 2376 1262 2454 praetermittere
1307 2389 1623 2456 cogamur.
1710 2374 1893 2438 Fines
1942 2389 1981 2438 a
2042 2380 2261 2438 natura

321 2478 574 2559 praefixi
595 2494 717 2544 non
739 2475 1044 2558 ejusmodi
1072 2484 1240 2555 sunt,
1271 2485 1340 2544 ut
1364 2479 1533 2544 velut
1555 2482 1996 2560 geometrarum
2036 2485 2264 2558 puncta

323 2582 467 2663 plus
527 2584 808 2646 minusve
867 2597 1084 2662 capere
1140 2581 1306 2646 haud
1351 2582 1617 2661 possint.
1678 2582 1843 2644 Satis
1896 2587 1993 2646 est
2040 2583 2098 2644 si
2134 2597 2263 2646 om-

326 2703 438 2751 nes
485 2686 818 2752 invitentur
854 2685 930 2750 ad
954 2686 1321 2766 perfectiora
1365 2686 1763 2766 melioraque,
1791 2685 2123 2765 eademque
2155 2687 2261 2767 qui

321 2790 758 2870 praestantiori
801 2790 1008 2855 animo
1057 2794 1204 2854 sunt
1251 2795 1314 2854 et
1365 2796 1797 2856 consectentur
1832 2796 1895 2855 et
1928 2804 2263 2869 assequan-

327 2899 450 2958 tur.
536 2898 918 2975 Quapropter
971 2893 1204 2976 ambigi
1264 2910 1388 2958 non
1447 2900 1652 2974 potest
1703 2894 1781 2957 ab
1840 2895 1978 2974 ipsa
2044 2899 2264 2958 natura

327 2997 682 3063 hominibus
711 2998 1031 3078 proposita
1078 2997 1277 3062 fuisse
1320 2999 1583 3063 consilia
1623 2997 1870 3062 virtutis
1927 3002 1991 3061 et
2034 2998 2266 3079 perfec·

325 3102 543 3176 tioniS,
592 3106 662 3165 ut
695 3102 954 3165 alterum
994 3102 1186 3166 altero
1207 3102 1432 3166 melius
1475 3103 1559 3165 sit
1584 3117 1656 3165 ac
1679 3100 2039 3181 perfectius,
2068 3116 2267 3181 neque

330 3203 561 3270 idcirco
633 3204 1000 3287 obligationi
1067 3206 1164 3269 vel
1233 3206 1590 3270 necessitati
1642 3205 2009 3285 subjectum.
2097 3209 2265 3282 Quae

328 3309 693 3389 perfectiora
764 3314 912 3373 sunt
978 3308 1386 3389 melioraque,
1436 3310 1813 3374 conveniunt
1876 3326 1949 3375 ea
2018 3309 2265 3391 quidem

329 3418 608 3491 naturae,
639 3429 752 3479 nec
793 3419 996 3477 tamen
1033 3413 1090 3476 si
1118 3413 1366 3478 consilii
1410 3418 1647 3477 tantum
1673 3419 1821 3477 sunt
1854 3415 2065 3477 statim
2102 3415 2257 3477 ohli-

327 3517 566 3599 gationi
602 3524 664 3582 et
693 3517 1050 3582 necessitati
1080 3516 1308 3597 subjici
1344 3524 1634 3596 possunt.
1683 3521 1821 3581 Non
1867 3518 2059 3598 igitur
2090 3518 2262 3596 quid-

331 3621 480 3701 quid
520 3627 776 3685 naturae
832 3621 1202 3685 conveniens
1249 3625 1380 3697 est,
1434 3621 1735 3700 quidquid
1780 3621 2109 3699 aequitatis
2157 3628 2265 3685 aut

331 3725 674 3789 honestatis
712 3725 1002 3804 majorem
1023 3723 1292 3807 speciem
1330 3723 1534 3798 habet,
1586 3722 1663 3787 ad
1706 3724 2116 3805 obligationes
2160 3741 2262 3789 na-

331 3834 505 3892 turae
553 3828 764 3893 referri
824 3833 1048 3909 potest.

408 3934 548 3996 Huc
577 3937 813 4011 spectat
834 3948 956 3997 una
973 3933 1210 3999 evariis
1228 3932 1388 4011 juris
1411 3932 1849 4008 divisionibuS,
1874 3948 2031 4013 quas
2053 3949 2263 3998 omnes

331 4043 394 4101 ct
427 4036 709 4117 singulas
751 4037 1059 4101 illustrare
1091 4038 1166 4103 ad
1195 4042 1472 4101 nostrum
1494 4042 1919 4119 argumentum
1944 4053 2066 4102 non
2092 4038 2258 4103 facit.

331 4144 500 4206 Haec
526 4146 624 4205 est
657 4156 816 4221 quae
843 4141 1062 4207 nititur
1095 4141 1495 4209 distinctione
1540 4142 1700 4206 inter
1730 4142 1869 4223 jura
1907 4143 2177 4225 perfecta
2204 4150 2265 4208 et

406 4377 422 4403 ¹
463 4376 644 4426 Matth.
683 4376 788 4438 vl,
827 4378 907 4426 53.
