3128 5476
1197 729 1276 792 37

211 947 390 998 non
433 933 599 998 videt
636 948 768 997 eam
805 937 1206 1016 praecipuam.
1241 937 1436 1001 fuisse
1478 952 1731 1009 causam
1763 943 2197 1006 monstruosae

209 1053 502 1102 morum
591 1037 909 1114 licentiae,
997 1055 1179 1118 quam
1246 1040 1308 1103 in
1373 1041 1705 1120 postremis
1786 1043 2191 1122 Reipublicae

217 1140 644 1222 temporibus
732 1143 938 1206 omnia
1029 1146 1257 1208 Romae
1344 1151 1660 1223 penetrare
1744 1147 2186 1228 conspicimus.

221 1246 637 1310 Paucissimi
677 1245 980 1326 siquidem
999 1247 1188 1311 Stoici
1213 1247 1447 1327 ingenti
1477 1249 1915 1328 Epicureorum
1942 1267 2195 1317 numero

229 1349 595 1426 cedebant,
654 1366 809 1430 quae
851 1349 970 1414 fuit
1030 1350 1220 1425 ratio,
1277 1351 1401 1414 nisi
1461 1351 1625 1432 quod
1668 1353 1930 1416 maxima
1974 1355 2199 1419 civium

232 1470 451 1533 parS,
516 1453 748 1516 relictis
821 1452 1002 1518 avitis
1060 1452 1334 1517 moribus
1356 1502 1372 1529 ‚
1412 1454 1731 1519 -licentiae
1806 1456 2195 1539 effrenaeque

235 1557 515 1621 libidini
583 1557 1010 1642 projiceretur,
1082 1562 1331 1638 totaque
1389 1559 1664 1622 Romana
1712 1558 1970 1637 civitas,
2026 1562 2195 1624 omni

237 1660 567 1742 pristinae
635 1661 1006 1740 reipublicae
1047 1661 1270 1724 virtute
1311 1660 1605 1726 destituta
1652 1663 1716 1724 in
1766 1677 1943 1726 suam
1990 1665 2193 1745 perni-

245 1765 430 1829 ciem
474 1770 697 1829 rueret.

343 1867 507 1943 Quid
560 1868 834 1934 dicamus
918 1869 993 1934 de
1047 1869 1338 1935 hodierna
1388 1875 1702 1952 tantopere
1744 1886 1782 1934 a
1828 1869 2199 1953 quibusdam

245 1969 654 2052 philosophis
687 1971 935 2036 laudata
975 1971 1266 2037 civitate?
1307 1973 1428 2036 Ubi
1469 1979 1567 2037 est
1598 1975 1866 2053 jactatus
1911 1975 2015 2039 ille
2055 1989 2199 2054 pro—

252 2091 568 2156 grossae,
626 2091 806 2158 quem
845 2076 1052 2157 generi
1091 2075 1378 2140 humano·
1408 2081 1793 2157 cognoscunt
1828 2083 1891 2141 et
1926 2092 2201 2142 crescere

252 2179 541 2260 quotidie
581 2180 939 2244 clamitant?
1033 2179 1315 2259 Ingentia
1357 2177 1629 2260 undique
1676 2186 2017 2262 exsurgunt
2052 2180 2199 2245 civi-

255 2284 379 2346 tati
443 2283 822 2348 discrimina.
909 2283 1140 2347 Crescit
1205 2283 1266 2346 in
1315 2281 1447 2346 dies
1491 2297 1830 2363 pauperum
1877 2298 2193 2347 numerus,
2252 2271 2257 2276 ’

253 2389 379 2450 Jus
421 2387 757 2466 majoribus
802 2387 1268 2462 inconcussum,
1315 2385 1633 2451 hodiernis
1684 2385 2052 2466 quibusdam
2097 2386 2201 2451 ob-

260 2492 566 2568 soletum,
602 2492 731 2571 juS,
786 2491 1057 2573 inquam,
1107 2490 1388 2568 dominii,
1438 2490 1709 2556 conditio
1754 2491 1964 2571 procul
2010 2489 2199 2556 dubio
2313 2493 2321 2500 '

259 2595 619 2659 necessaria
683 2596 952 2659 civitatis
1021 2609 1135 2660 nec
1191 2594 1398 2660 minus
1466 2594 1809 2674 proemium
1852 2593 2088 2660 laboris
2136 2601 2201 2658 et

259 2699 594 2778 stimuIUS,
659 2705 888 2765 armata
925 2701 987 2765 vi
1033 2700 1342 2766 sustineri
1367 2700 1470 2765 vix
1511 2702 1739 2779 potest.
1828 2700 2045 2779 Spreta
2088 2697 2195 2763 de·-

259 2820 430 2868 mum
465 2805 787 2887 Religione
821 2811 882 2871 et
919 2811 1264 2887 contempto
1301 2804 1508 2869 nativo
1563 2803 1831 2868 bominis
1875 2798 2206 2885 religionis

264 2923 491 2984 sensu,
574 2907 815 2973 labente
909 2915 1228 2991 propterea
1297 2923 1534 2974 morum
1594 2906 1945 2989 integritate
2012 2910 2197 2988 atque

266 3011 592 3087 sanctitate
652 3010 734 3092 fit
802 3011 914 3076 via
971 3012 1060 3076 vi.
1147 3015 1236 3075 En
1301 3026 1721 3092 progressum,
1776 3024 1897 3089 quo
1954 3008 2196 3074 tandem

263 3115 652 3195 pervenimus
682 3118 694 3176 l
781 3116 984 3179 Pauca
1033 3114 1344 3178 dumtaxat
1379 3114 1732 3180 testimonia
1767 3113 1978 3178 afferre
2014 3112 2195 3177 nobis

264 3220 474 3297 liceat,
532 3235 608 3283 ne
656 3218 1025 3302 quibusdam
1074 3218 1275 3297 inepte
1322 3218 1555 3301 garrire
1601 3218 1945 3283 videamur:
2016 3219 2115 3280 «Y
2160 3232 2197 3279 a

264 3324 354 3387 t’il
405 3325 488 3388 du
549 3324 737 3388 bien?
800 3325 1014 3398 Qu'est
1053 3338 1245 3404 oeque
1285 3322 1345 3388 le
1385 3322 1552 3385 mal?
1595 3325 1811 3398 Qu’est
1860 3337 1931 3387 ce
1972 3337 2091 3403 que
2137 3321 2195 3385 le
2248 3385 2255 3391 ,

265 3410 453 3493 bien?
497 3430 549 3491 Il
590 3432 690 3507 n’y
743 3444 778 3491 a
817 3443 932 3509 pas
973 3427 1047 3492 de
1080 3428 1221 3492 mal.
1268 3426 1511 3491 L’enfer
1561 3432 1659 3491 est
1694 3442 1789 3491 un·
1817 3440 2187 3511 mensonge3

275 3534 332 3597 le
373 3534 495 3597 mal
529 3536 663 3597 'une
707 3532 995 3598 chimere.
1083 3534 1491 3596 LERMINIER.²

338 3639 502 3702 Pour
549 3652 670 3701 une
721 3637 1029 3701 existence
1075 3625 1423 3717 etrangere,
1473 3651 1633 3714 pour
1678 3651 1763 3699 un
1814 3633 1939 3699 etre
1986 3648 2113 3699 non
2159 3632 2197 3697 a

261 3741 416 3817 moi,
483 3739 608 3806 etre
668 3741 835 3822 plein
882 3738 958 3805 de
1005 3738 1378 3813 sollicitudo,
1450 3734 1738 3803 d’interet
1792 3744 1853 3803 et
1892 3737 2187 3815 d'amour,

263 3850 354 3909 est
395 3858 516 3907 une
569 3843 904 3924 hypothese
952 3842 1237 3907 absurde.
1327 3843 1646 3907 Daunion.
1682 3860 1704 3889 ¹
2156 3880 2163 3888 -

337 3947 548 4024 Quelle
592 3948 676 4011 loi
698 3996 713 4024 ,
766 3946 967 4029 quelle
1010 3943 1240 4012 societe
1264 3994 1280 4021 ,
1308 3946 1510 4027 quelle
1553 3945 1745 4028 eglise
1765 3994 1780 4023 ,
1810 3945 2011 4027 quelle
2053 3946 2197 4011 reli.

267 4054 441 4134 gion,
483 4052 545 4130 je
588 4066 664 4115 ne
708 4049 804 4113 dis
844 4066 960 4131 pas
1015 4052 1154 4132 quel
1217 4051 1453 4115 homme
1480 4098 1495 4125 ,
1562 4050 1721 4113 mais
1773 4048 1973 4131 quelle
2014 4050 2193 4115 insti·-

327 4322 344 4346 ¹
383 4314 544 4363 Revue
578 4311 657 4361 des
689 4310 809 4362 deux
840 4310 1058 4371 nendos,
1095 4310 1226 4361 Tom.
1265 4310 1404 4370 vn,
1440 4326 1490 4375 p.
1533 4310 1649 4363 744.

328 4405 348 4431 ²
387 4404 536 4454 Cours
570 4402 626 4453 de
657 4401 982 4469 philosophie,
1017 4400 1150 4452 Tom.
1192 4401 1249 4462 1,
1285 4418 1336 4467 p.
1372 4400 1433 4449 61
1473 4402 1567 4449 ete.
