3128 5476
1852 692 1865 720 ι
1902 666 1937 724 8

959 869 1238 932 »scelere
1272 869 1488 948 quovis
1539 868 1723 944 velit,
1767 884 1888 933 non
1952 869 2160 932 multis
2212 869 2489 948 partibus
2538 868 2747 943 malit,
2804 869 2895 932 ad

959 985 1145 1034 »sese
1195 970 1378 1034 etiam
1421 972 1586 1038 omni
1631 972 1990 1052 impunitate
2032 973 2348 1053 proposita
2396 973 2531 1036 sine
2577 971 2885 1048 facinore,

851 1122 856 1126 .
959 1074 1324 1154 »quamillo
1353 1074 1532 1140 modo
1568 1076 1881 1154 pervenire
1897 1078 1954 1138 i.
1982 1125 1994 1138 .
2021 1126 2072 1138 ..
2111 1078 2231 1138 Aut
2256 1075 2399 1156 quis
2420 1079 2537 1152 est,
2580 1075 2891 1163 quiMan-

957 1194 990 1232 2>
1011 1176 1234 1240 liorum
1274 1183 1383 1240 aut
1399 1178 1823 1242 Africanorum
1860 1184 1966 1242 aut
1990 1180 2155 1259 eJ‘uS,
2183 1195 2363 1261 quem
2400 1180 2615 1242 timore
2638 1193 2897 1257 semper

960 1297 990 1336 »
1011 1279 1200 1342 habes
1264 1281 1473 1360 proavi
1529 1282 1688 1357 mei,
1736 1287 2231 1364 caeterorumque
2290 1283 2559 1347 virorum
2629 1281 2892 1346 fortium

937 1387 1192 1462 ¹»atque
1217 1385 1383 1448 omni
1422 1385 1646 1449 virtute
1664 1383 2124 1465 praestantium,
2156 1386 2354 1462 facta,
2394 1386 2581 1461 dicta,
2614 1384 2893 1450 consilia

959 1505 993 1544 ›>
1011 1502 1390 1568 cognoscens
1423 1490 1591 1552 nulla
1614 1489 1862 1554 omnino
1886 1487 2594 1569 afficiatu1·voluptate?''
2626 1498 2644 1524 ²
2689 1487 2887 1550 «Pla-

958 1595 1138 1665 »cet,
1191 1592 1495 1669 nimirum,
1550 1599 1619 1655 ut
1671 1593 1759 1654 ait
1805 1595 2035 1658 Seneca
2060 1641 2077 1670 ,
2126 1595 2326 1673 placet
2386 1597 2603 1671 suapte
2660 1595 2889 1654 natura

959 1712 991 1750 ›>
1010 1693 1281 1775 adeoque
1311 1697 1584 1778 gratiosa
1608 1697 1813 1761 virtus.
1832 1703 1951 1774 est,
1986 1703 2055 1760 ut
2082 1698 2337 1761 insitum
2380 1698 2463 1760 sit
2488 1697 2671 1761 etiam
2694 1695 2885 1758 malis

927 1787 1264 1879 '»probare
1303 1801 1581 1870 meliora.
1609 1851 1622 1864 .
1650 1850 1702 1866 ..
1767 1801 2098 1864 Maximum
2140 1803 2257 1865 hoc
2304 1801 2601 1864 habemus
2624 1803 2886 1862 naturae

957 1903 1311 1978 »meritum,
1340 1903 1502 1982 quod
1524 1904 1719 1988 virtus
1769 1904 1831 1966 in
1870 1905 2141 1969 omnium
2182 1905 2417 1968 animos
2453 1905 2653 1966 lumen
2696 1917 2885 1964 suum

958 2007 1337 2086 »permittit,
1377 2008 1559 2070 etiam
1606 2008 1714 2088 qui
1764 2023 1887 2072 non
1930 2012 2269 2088 sequuntur
2316 2007 2485 2070 illam
2524 2006 2829 2072 vident.”=

1032 2111 1258 2174 Existit
1295 2111 1486 2191 igitur
1521 2110 1620 2174 lex
1660 2111 2003 2190 exprimens
2044 2115 2107 2174 et
2155 2109 2557 2174 manifestans
2588 2108 2881 2172 intrinse-

953 2230 1111 2290 cum,
1147 2230 1268 2294 quo
1313 2213 1542 2279 honum
1588 2219 1653 2276 et
1694 2215 1919 2276 malum
1965 2215 2189 2278 morale
2238 2212 2609 2294 discrepant,
2656 2213 2877 2276 discri-

953 2333 1115 2393 men,
1137 2317 1526 2397 hominisque
1559 2319 1699 2396 jura
1724 2323 1787 2380 et
1818 2317 2037 2394 officia,
2072 2333 2230 2399 quae
2266 2333 2340 2380 ex
2375 2318 2493 2380 isto
2522 2316 2879 2380 discrimine

952 2420 1281 2500 profluunt.
1328 2424 1461 2484 Hac
1505 2421 1641 2502 lege
1682 2421 2077 2486 constituitur
2114 2422 2262 2486 ordo
2300 2421 2573 2497 moraliS,
2602 2419 2878 2500 quicum

953 2529 1127 2588 actus
1172 2525 1235 2586 in
1273 2540 1340 2587 se
1374 2524 1572 2588 bonos
1609 2525 2027 2604 complectitur
2069 2525 2336 2588 hominis
2375 2523 2640 2587 medium
2662 2537 2877 2586 neces-

955 2628 1186 2691 sarium
1246 2632 1382 2704 est,
1439 2634 1507 2691 ut
1580 2628 1907 2709 aliquando
1970 2628 2323 2692 indesinens
2394 2626 2876 2706 perfectissimae

954 2731 1269 2795 felicitatis
1301 2729 1673 2797 desiderium
1716 2732 1882 2798 omni
1915 2748 1988 2796 ex
2017 2737 2185 2811 parte
2222 2730 2643 2811 adimpleatur.
2688 2732 2875 2795 Porro

954 2842 1128 2901 actus
1173 2835 1484 2900 moraliter
1524 2836 1724 2899 bonus
1789 2836 1891 2900 hic
1937 2841 2067 2912 est,
2122 2836 2227 2917 qui
2284 2839 2537 2899 naturae
2590 2834 2875 2898 rationali

955 2940 1286 3005 conformis
1335 2945 1450 3016 est,
1491 2940 1721 3020 quique
1769 2940 2023 3018 proinde
2066 2945 2317 3003 naturae
2360 2940 2545 3001 etiam
2591 2938 2876 3002 convenit

955 3046 1258 3107 humanae
1299 3044 1428 3107 sive
1448 3044 1595 3125 legi,
1643 3058 1798 3123 quae
1843 3060 2026 3106 manu
2052 3043 2500 3123 omnipotentis
2532 3042 2761 3121 scripta
2779 3047 2877 3104 est

955 3150 1016 3211 in
1069 3149 1248 3213 corde
1304 3148 1595 3213 hominis.
1682 3148 1864 3212 Nulla
1920 3147 2223 3227 siquidem
2285 3146 2651 3213 necessitate
2709 3146 2870 3208 Deus

936 3252 1286 3316 adstrictus
1311 3252 1430 3314 fuit
1463 3250 1540 3313 ad
1584 3251 1909 3315 creandum
1942 3252 2269 3327 hominem,
2298 3266 2419 3314 non
2456 3250 2637 3312 aliam
2673 3255 2871 3312 tamen

958 3356 1080 3436 ipsi
1125 3356 1250 3419 nisi
1311 3361 1591 3419 naturam
1647 3371 1822 3419 suam
1879 3357 2205 3419 humanam
2256 3354 2575 3435 assignare
2628 3353 2869 3417 omnino

949 3460 1174 3540 potuit,
1218 3474 1398 3524 secus
1437 3460 1602 3523 enim
1627 3460 1804 3523 homo
1852 3475 1973 3523 non
2020 3458 2243 3521 fuisset
2281 3459 2481 3522 homo.
2536 3456 2871 3519 Existentia

956 3564 1222 3628 hominis
1269 3563 1418 3627 adeo
1480 3578 1516 3625 a
1561 3562 1757 3627 libera
1812 3563 1925 3627 Dei
1973 3563 2313 3638 voluntate,
2374 3566 2437 3623 at
2480 3561 2747 3624 essentia
2794 3560 2871 3623 ab

956 3673 1200 3731 aeterna
1246 3667 1468 3747 pendet
1523 3673 1708 3747 atque
1762 3667 2124 3731 immutabili
2158 3666 2575 3745 conceptione,
2617 3680 2769 3744 quae
2806 3664 2874 3727 in

961 3771 1269 3834 intellectu
1320 3770 1526 3834 divino
1594 3771 1941 3835 necessario
1995 3770 2225 3833 existit.
2312 3771 2624 3844 Quatenus
2688 3768 2874 3849 igitur

961 3876 1269 3941 intellectu
1292 3877 1473 3939 homo
1503 3874 1784 3956 gaudeat,
1812 3875 2125 3953 liberaque
2148 3872 2481 3949 voluntate,
2517 3878 2643 3936 tum
2665 3887 2873 3937 verum

959 3984 1310 4062 cognoscat,
1345 3986 1472 4042 tum
1525 3979 1753 4043 bonum
1806 3982 2211 4058 prosequatur
2263 3992 2511 4041 necesse
2566 3982 2678 4040 est.
2766 3979 2874 4039 Ast

1030 4238 1046 4263 ¹
1085 4237 1157 4284 De
1189 4234 1320 4285 finib.
1359 4236 1414 4284 L.
1453 4236 1568 4294 ΙΙΙ,
1605 4250 1644 4283 c.
1682 4236 1729 4283 2.

1029 4328 1047 4353 ²
1087 4327 1159 4374 De
1191 4325 1356 4375 Benef.
1394 4326 1451 4375 L.
1489 4325 1581 4385 IV,
1620 4342 1664 4375 v.
1701 4324 1778 4376 17.
