3128 5476
1818 719 1893 777 30

889 929 1238 1008 extorqueri
1272 927 1348 991 ab
1381 926 1573 990 invito
1614 928 1852 1005 potest?
1892 923 2057 990 haud
2102 939 2271 988 sane.
2320 927 2511 1000 Quae,
2564 937 2855 1002 quaem,

884 1033 1148 1096 societas
1187 1031 1510 1112 possibilis
1545 1035 1748 1106 esset,
1794 1045 1984 1110 quum
2030 1030 2149 1094 hoc
2180 1027 2361 1093 modo
2392 1027 2749 1108 indigentia
2782 1029 2856 1090 in

883 1137 1299 1212 dominatum,
1345 1133 1711 1200 mendicitas
1769 1135 1833 1197 in
1868 1134 2261 1198 latrocinium
2310 1132 2546 1208 abiret,
2594 1131 2855 1197 fovere-

881 1245 1100 1318 tur-que
1142 1239 1381 1303 desidia
1427 1240 1749 1304 hominum
1800 1238 1985 1302 rebus
2026 1237 2251 1301 alienis
2290 1235 2699 1299 sustentanda
2762 1251 2854 1300 ac

883 1343 1240 1420 nutrienda,
1290 1350 1504 1424 totque
1551 1343 1920 1406 haberemus
1976 1340 2313 1422 praedones
2379 1345 2529 1420 quot
2570 1347 2850 1421 egentes

880 1447 1162 1511 homines
1227 1447 1322 1512 vel
1371 1448 1579 1527 potius
1632 1447 1890 1510 otiosos.
1978 1448 2135 1509 Sunt
2197 1447 2389 1528 igitur
2439 1450 2501 1510 et
2562 1445 2707 1524 jura
2770 1450 2853 1509 et

879 1548 1288 1631 obligationes
1332 1551 1680 1628 naturaleS,
1716 1551 1945 1633 quibus
2000 1556 2069 1613 ut
2104 1549 2373 1614 satisfiat
2414 1550 2645 1615 invitus
2686 1553 2844 1633 cogi

896 1669 1018 1718 non
1059 1660 1286 1734 potest.
1334 1657 1524 1719 Secus
1580 1656 1743 1719 enim
1796 1671 1933 1720 eum
1974 1657 2067 1719 eis
2116 1655 2457 1720 consistere
2497 1656 2843 1736 nequidem

881 1765 1156 1837 possent,
1215 1775 1373 1840 quae
1425 1760 1643 1824 merito
1694 1759 1977 1824 omnibus
2032 1759 2171 1838 jura
2196 1758 2467 1838 perfecta
2508 1760 2839 1840 appellan-

881 1866 1001 1934 tur.
1088 1865 1325 1926 Etenim
1381 1869 1510 1927 tum
1552 1866 1690 1942 jure
1744 1862 2043 1926 naturalis
2092 1861 2397 1926 libertatis
2462 1868 2589 1925 tum
2638 1866 2839 1928 etiam

877 1965 1014 2044 iure
1063 1967 1464 2046 conservandi
1517 1965 1995 2047 perficiendique
2036 1971 2233 2030 status
2258 1968 2381 2044 sui,
2408 1969 2615 2050 quivis
2638 1977 2702 2033 et
2726 1985 2833 2033 ac-

881 2069 1116 2131 tionum
1140 2085 1390 2134 suarum
1425 2076 1487 2134 et
1517 2086 1726 2134 earum
1770 2085 1971 2134 rerum
1997 2070 2279 2134 dominus
2302 2076 2419 2148 est,
2472 2089 2628 2153 quas
2675 2089 2830 2136 suas

881 2186 1020 2236 vere
1069 2180 1385 2254 nuncupat
1437 2175 1703 2257 aliisque
1743 2175 2013 2239 exclusis
2066 2179 2253 2251 tenet,
2296 2190 2494 2257 neque
2516 2177 2645 2256 pati
2681 2177 2827 2258 quis

872 2262 1142 2353 tenetur,
1177 2283 1245 2339 ut
1265 2279 1426 2342 alius
1475 2279 1538 2341 in
1592 2294 1689 2342 res
1733 2294 1879 2342 suas
1903 2280 2221 2360 irrumpat,
2275 2295 2603 2360 earumque
2644 2297 2825 2344 usum

883 2378 1107 2442 turbet.
1174 2380 1238 2442 Si
1287 2382 1434 2462 quis
1477 2382 1793 2462 irrumpat,
1858 2385 1913 2446 si
1951 2384 2159 2461 violet,
2213 2385 2475 2462 minuat,
2506 2385 2827 2449 abstrahat

879 2482 976 2544 vel
1023 2497 1232 2547 earum
1279 2501 1458 2548 usum
1481 2485 1703 2562 turbet,
1734 2487 1796 2548 in
1824 2493 2107 2567 promptu
2132 2503 2270 2550 esse
2291 2487 2473 2552 debet
2502 2489 2606 2568 jus
2638 2487 2821 2551 resis-

885 2584 1074 2660 tendi,
1129 2586 1402 2668 adeoque
1449 2589 1554 2667 jus
1590 2591 1871 2672 cogendi,
1917 2597 1987 2654 ut
2026 2591 2305 2668 desistat;
2356 2608 2537 2658 secus
2585 2593 2819 2656 infirma

881 2693 1094 2752 essent
1120 2690 1409 2769 primaria
1437 2698 1690 2758 naturae
1713 2695 1853 2775 jura
1886 2702 1949 2759 et
1987 2695 2223 2761 alienae
2247 2696 2493 2761 libidini
2528 2712 2601 2762 ac
2632 2697 2817 2762 licen-

884 2792 1007 2856 tiae
1073 2810 1182 2873 per
1223 2812 1364 2860 sese
1421 2798 1723 2878 exposita.
1770 2798 2009 2863 Indicio
2069 2800 2418 2865 istiusmodi
2443 2802 2604 2881 juris
2650 2816 2815 2866 coac·

887 2895 996 2960 tivi
1047 2903 1194 2959 sunt
1235 2901 1547 2963 naturales
1592 2901 1869 2976 stimuli,
1920 2903 2147 2984 quibus
2202 2906 2405 2969 animo
2449 2912 2511 2970 et
2568 2920 2815 2986 corpore

883 2998 1210 3063 incitamur
1238 3001 1302 3063 in
1330 3001 1647 3068 invasores
1668 3005 1851 3083 vitae,
1880 3007 2284 3072 membrorum
2306 3024 2379 3074 ac
2416 3024 2639 3087 rerum,
2666 3026 2812 3091 quas

885 3103 962 3165 ad
1002 3104 1167 3168 vitae
1203 3122 1384 3169 usum
1418 3110 1901 3189 comparavimus
1944 3127 2017 3175 ac
2060 3118 2304 3176 nostras
2327 3113 2611 3191 dicimus,
2642 3130 2812 3196 quas·

883 3222 1008 3287 que
1057 3207 1223 3285 aliiS,
1281 3210 1405 3274 nisi
1463 3212 1779 3278 voluntate
1816 3222 2049 3291 nostra,
2101 3216 2457 3282 interdictas
2496 3216 2807 3283 habemus

887 3312 1056 3385 Quae
1085 3311 1140 3373 si
1169 3320 1452 3379 accurate
1483 3317 1941 3395 perpendantur
1976 3325 2041 3383 et
2064 3321 2235 3383 varia
2258 3320 2380 3384 sihi
2408 3322 2668 3387 invicem
2683 3323 2811 3402 jura

885 3413 1302 3492 conferantur,
1373 3421 1658 3498 quaestio
1704 3426 1905 3485 utrum
1948 3423 2051 3502 J'us
2111 3424 2361 3506 aliquod
2406 3442 2609 3489 veram
2644 3428 2812 3491 ratio-

885 3532 1024 3581 nem
1045 3518 1205 3598 juris
1231 3520 1486 3599 perfecti
1515 3523 1761 3601 haheat,
1790 3540 1862 3589 ex
1890 3540 1963 3591 eo
2010 3528 2190 3593 nobis
2236 3530 2525 3595 solvenda
2556 3530 2806 3609 videtur,

887 3636 966 3684 an
985 3637 1190 3686 revera
1203 3625 1305 3703 jus
1331 3625 1482 3689 illud
1503 3642 1576 3690 ex
1602 3631 1973 3695 necessariis
1996 3632 2319 3697 'societatis
2362 3634 2809 3701 conditionibus

887 3724 1307 3791 constitutivis
1357 3731 1641 3809 profluat,
1692 3750 1905 3799 necne.
1939 3740 2139 3811 Quum
2182 3739 2304 3803 huc
2348 3739 2625 3803 ultimate
2648 3740 2807 3803 redu-

885 3832 1064 3891 catur
1109 3830 1278 3895 illius
1345 3833 1767 3901 distinctionis
1811 3838 1969 3903 ratio
2020 3854 2203 3919 saepe
2250 3843 2510 3921 eveniet,
2570 3850 2637 3908 ut
2692 3846 2806 3907 sin-

889 3933 1034 4013 gula
1091 3940 1316 4001 attente
1355 3940 1673 4018 pensanda
1724 3941 1869 4017 sint,
1920 3947 1990 4005 ut
2034 3951 2428 4025 agnoscatur,
2460 3962 2607 4011 num
2646 3964 2806 4031 gene-

887 4036 1067 4100 ratim
1139 4044 1202 4105 et
1253 4056 1376 4106 non
1440 4046 1718 4124 praecise
1772 4046 1835 4109 in
1901 4047 2006 4109 tali
2052 4048 2514 4116 circumstantia
2543 4054 2806 4135 expediat

889 4141 1106 4207 adesse
1147 4147 1404 4211 coactio.

1656 4344 2056 4353 Μ
