3128 5476
1912 699 2008 710 -ο

998 833 1078 895 tis
1131 832 1493 898 concinnavi
1540 832 1799 927 placita,
1854 833 2027 895 novis
2082 832 2340 896 aliorum
2380 832 2623 912 placitis
2673 801 2733 894 et
2760 843 2923 894 com-··

999 962 1220 1025 mentis
1271 974 1599 1040 opponere.

1077 1089 1346 1152 Plurima
1413 1086 1624 1166 procul
1693 1087 1878 1150 dubio
1932 1087 2209 1152 obsoleta
2258 1087 2659 1152 videbuntur:
2709 1101 2923 1166 parum
2956 1114 2977 1129 ·

1004 1230 1171 1281 curo.
1263 1217 1432 1292 Quod
1493 1217 1546 1278 si
1623 1216 1887 1292 nimium.
1933 1214 2083 1280 dura
2150 1215 2517 1297 quibusdam
2581 1213 2919 1291 videantur,

1005 1361 1126 1409 non
1153 1345 1228 1407 ad
1269 1344 1697 1409 contumeliam
1720 1343 2001 1420 aliorum,
2047 1342 2154 1407 sed
2183 1343 2259 1406 ad
2279 1343 2700 1408 defensionem
2729 1357 2927 1406 meam
2950 1361 2971 1372 ·

1005 1489 1076 1537 ea
1141 1472 1417 1537 dixerim.
1505 1473 1614 1535 Sin
1682 1471 1822 1552 quis
1876 1469 2025 1552 q'uid
2074 1473 2245 1537 boni·
2277 1473 2340 1534 in
2395 1472 2583 1537 hocce
2630 1471 2925 1550 opusculo

1003 1601 1244 1678 viderit,
1300 1608 1492 1666 totum
1539 1601 1602 1663 id
1655 1600 1926 1664 muneris
1976 1602 2075 1664 sui
2130 1616 2267 1664 esse
2305 1599 2564 1664 libenter
2600 1598 2919 1664 confiteor:

938 1759 940 1764 ·
1008 1729 1386 1810 indulgentia
1439 1727 1745 1809 siquidem
1816 1743 1993 1793 verae
2044 1728 2337 1792 scientiae
2395 1728 2606 1791 umbra
2664 1733 2797 1803 est,
2866 1733 2929 1790 et

1008 1858 1419 1922 certissimum
1474 1858 1742 1921 hominis
1788 1871 1926 1920 vere
1988 1857 2150 1921 docti
2212 1845 2521 1920 criterium
2578 1856 2919 1920 constituit.

1008 1987 1143 2050 Nisi
1194 1986 1402 2050 forsan
1453 1986 1757 2051 amicitiae
1796 2002 1984 2051 causa
2035 1986 2095 2048 id
2121 1984 2375 2061 viderit,
2402 2001 2524 2066 quo
2544 2000 2691 2048 casu
2720 1984 2928 2047 eadem

1008 2121 1168 2178 certe
1217 2115 1597 2196 benignitate
1645 2113 1798 2177 mihi
1838 2113 2243 2195 dignissimus
2286 2112 2566 2176 habetur.

1083 2242 1382 2316 Tandem,
1458 2248 1526 2306 ut
1583 2241 1940 2305 dulcissimo
1995 2231 2327 2322 perfungar
2369 2241 2599 2317 officio,
2638 2241 2927 2338 ‘gratique

1009 2372 1196 2433 animi
1256 2371 1562 2450 obsequar
1630 2367 2105 2447 necessitudini,
2178 2369 2407 2451 gratias
2459 2385 2574 2450 ago
2613 2368 2920 2443 omnibuS,

1008 2499 1115 2579 qui
1169 2499 1320 2561 mihi
1373 2499 1434 2560 in
1498 2497 1722 2561 studiis
1762 2497 1990 2562 auxilio
2032 2498 2233 2575 fuere,
2291 2498 2551 2578 'sibique
2598 2513 2740 2578 prae
2792 2512 2927 2561 cae-

1009 2627 1192 2703 teriS‚
1243 2631 1552 2707 promotor
1588 2625 2137 2703 aestumatissime,
2209 2627 2302 2692 vir
2350 2627 2688 2692 clarissime
2718 2629 2920 2700 Coum

1009 2772 1164 2834 quas
1234 2756 1413 2820 factis
1480 2757 1744 2833 referre,
1798 2756 2037 2821 etiamsi
2086 2756 2238 2819 mihi
2280 2771 2523 2835 sperare
2560 2757 2660 2821 vix
2700 2741 2922 2832 liceat,

1011 2884 1179 2947 ardet
1221 2885 1484 2949 animus
