3128 5476
1876 688 1951 746 24

950 894 1074 966 ait;
1129 898 1321 956 Omne
1371 891 1621 956 animal
1674 890 1900 974 diliqit
1944 888 2158 954 simile
2201 889 2370 954 sibi.-
2424 889 2520 953 sic
2566 897 2633 953 et
2666 889 2921 953 omnis·

947 994 1136 1060 homo
1184 995 1564 1080 proximum
1602 995 1753 1060 sibi.
1792 1013 1809 1038 ¹
1884 999 2014 1071 Quo
2072 995 2138 1056 fit
2202 1000 2268 1057 ut
2341 993 2513 1074 quiS,
2582 995 2689 1074 qui
2760 1010 2911 1058 non

946 1100 1172 1165 vitioso
1215 1101 1279 1163 in
1326 1115 1438 1163 sua
1497 1100 1743 1180 propria
1796 1098 2119 1164 existentia
2181 1097 2515 1160 includitur
2563 1095 2903 1180 cqoismO,

949 1201 1058 1265 sed
1118 1219 1319 1267 amore
1381 1204 1480 1267 sui
1527 1203 1811 1267 rationali
1856 1203 2099 1266 ducitur
2144 1200 2352 1264 eadem
2400 1200 2641 1264 vivendi
2688 1216 2903 1280 agen-

948 1305 1132 1386 dique
1189 1307 1458 1383 ratione,
1526 1307 1762 1386 privato
1848 1321 1960 1370 suo
2020 1307 2182 1370 hono
2259 1303 2441 1367 simul
2505 1308 2566 1366 et
2622 1303 2899 1366 utilitati

946 1411 1230 1489 publicae
1281 1410 1599 1473 allaborat.

945 1592 951 1598 ,
1027 1515 1249 1578 Verum
1297 1513 1460 1592 quod
1502 1513 1647 1577 olim
1684 1515 2065 1579 somniarunt
2106 1511 2351 1591 quidam
2390 1509 2464 1575 de
2507 1516 2669 1572 statu
2698 1524 2899 1590 gene-

947 1617 1034 1680 ris
1062 1619 1351 1694 humani,
1396 1618 1576 1698 quasi
1611 1632 1822 1699 nempe
1862 1618 2039 1681 initio
2064 1616 2341 1679 homines
2374 1629 2591 1695 vagam
2630 1618 2691 1676 et
2734 1613 2897 1676 feri-

949 1736 1091 1782 nam
1165 1737 1238 1785 ac
1307 1720 1384 1783 ad
1452 1722 1713 1787 invicem
1782 1722 2066 1786 hostilem
2108 1719 2295 1784 vitam
2350 1719 2534 1798 longo
2590 1717 2892 1796 temporis

949 1830 1146 1887 tractu
1182 1824 1537 1899 duxissent,
1588 1825 1833 1902 fusique
1877 1840 1984 1904 per
2028 1825 2229 1902 sylvas
2276 1828 2337 1886 et
2382 1837 2563 1902 agros
2608 1820 2685 1882 ad
2734 1836 2891 1899 pas-

949 1943 1066 1991 cua
1120 1929 1356 1992 exirent
1418 1934 1601 2007 atque
1647 1928 1941 1991 arcendae
1990 1927 2153 1990 aeris
2208 1924 2629 1990 inclementiae
2690 1939 2893 1987 causa

950 2035 1124 2094 antra
1163 2037 1224 2094 et
1265 2031 1593 2110 speluncas
1617 2036 1910 2112 peterent,
1956 2036 2312 2108 tantumque
2340 2029 2655 2103 haberent,
2684 2043 2891 2107 quana
2966 2095 2972 2102 ,

951 2140 1078 2197 tum
1104 2135 1163 2197 vi
1211 2150 1318 2214 per
1358 2134 1625 2210 caedem,
1680 2135 1884 2216 ignem
1924 2149 1997 2198 ac
2039 2133 2290 2197 vulnera
2332 2131 2563 2210 eripere
2609 2136 2715 2193 aut
2734 2132 2887 2194 reti-

949 2253 1092 2302 nere
1121 2239 1488 2318 potuissent,
1537 2238 1703 2302 sicut
1734 2255 1807 2302 ex
1838 2241 2148 2313 Hortum,
2194 2239 2544 2311 Lucamm,
2592 2237 2888 2298 PLA'roNE

949 2346 1012 2404 et
1036 2345 1268 2406 Τυιιιο
1295 2343 1678 2423 colligimus,
1708 2342 1768 2404 id
1799 2342 1993 2405 nostri
2038 2343 2169 2405 aevi
2212 2339 2491 2403 nonnulli
2522 2339 2886 2418 philosophi

951 2463 1071 2510 non
1120 2447 1322 2510 solum
1374 2461 1482 2524 pro
1527 2446 1851 2525 hypothesi
1894 2449 2393 2524 assumpserunt,
2425 2442 2532 2506 sed
2577 2447 2887 2521 tamquam

951 2550 1156 2614 thesin
1220 2550 1455 2614 tradere
1501 2565 1625 2614 non
1690 2550 2092 2614 haesitarunt.
2155 2546 2468 2612 Naturalis
2521 2550 2717 2608 status
2772 2546 2886 2608 ho-

949 2653 1183 2716 minum
1229 2668 1424 2733 neque
1469 2659 1564 2716 est
1611 2655 1949 2733 sylvestriS,
2008 2652 2363 2727 solitarius,
2411 2650 2682 2714 belluino
2712 2651 2885 2712 simi-

951 2759 1068 2835 lis,
1129 2764 1198 2821 ut
1257 2758 1451 2821 voluit
1489 2760 1861 2834 RoussnAU,
1910 2773 2107 2835 neque
2164 2756 2447 2829 hostiliS‚
2497 2770 2606 2817 seu
2654 2753 2883 2817 bellum

951 2862 1225 2928 omnium
1266 2862 1330 2924 in
1360 2876 1571 2925 omnes
1609 2862 1877 2940 spiranS,
1914 2860 2077 2953 sicut
2120 2859 2351 2939 placuit
2383 2862 2715 2923 Honmzslo.
2761 2862 2880 2922 Na-

951 2965 1168 3028 turalis
1226 2964 1517 3027 nimirum
1580 2964 1897 3028 hominum
1944 2967 2141 3025 status
2200 2962 2450 3025 socialis
2498 2967 2594 3025 est
2656 2978 2727 3025 ac
2770 2962 2879 3025 do-

949 3068 1280 3144 mesticus,
1329 3084 1366 3132 a
1409 3085 1530 3147 quo
1578 3068 1797 3131 deinde
1838 3066 2197 3131 naturaliter
2234 3069 2553 3128 transeunt
2601 3065 2877 3129 homines

951 3172 1028 3235 ad
1071 3178 1298 3235 statum
1355 3173 1596 3237 civilem
1623 3220 1639 3248 ‚
1684 3177 1866 3251 prout
1921 3169 2180 3233 historia
2228 3167 2530 3231 accidisse
2584 3174 2839 3231 testatur
2864 3217 2879 3244 ,

951 3291 1066 3339 nec
1111 3291 1290 3357 aegre
1343 3276 1591 3356 probari
1644 3280 1868 3354 potest.
1956 3277 2131 3336 Hanc
2183 3272 2488 3351 siquidem
2546 3272 2880 3335 naturalem

953 3385 1150 3442 status
1197 3379 1448 3443 socialis
1490 3378 1859 3459 exigentiam
1902 3376 2127 3441 evincit
2156 3375 2291 3454 ipsa
2327 3374 2591 3438 hominis
2637 3381 2869 3440 natura.

952 3484 1192 3547 Etenim
1243 3498 1382 3546 cum
1451 3483 1668 3558 homo,
1738 3479 2029 3543 suadente
2099 3480 2236 3559 ipsa
2294 3480 2558 3542 naturali
2606 3480 2869 3555 ratione,

953 3592 1218 3663 nequeat
1270 3602 1409 3650 esse
1461 3586 1584 3649 nisi
1654 3601 1809 3664 opus
1870 3584 2024 3661 Dei,
2086 3596 2346 3662 cumque
2388 3583 2534 3647 ordo
2584 3583 2875 3646 naturalis

953 3689 1415 3769 propagationis
1461 3688 1714 3753 humani
1764 3689 2005 3769 generis
2059 3687 2257 3751 virum
2296 3691 2357 3749 et
2405 3686 2726 3751 foeminam
2772 3701 2875 3748 ne-

955 3794 1226 3858 cessario
1262 3794 1551 3873 postulet,
1580 3798 1641 3855 et
1669 3794 1849 3855 homo
1887 3790 2090 3855 infans
2141 3788 2263 3853 sibi
2302 3789 2627 3853 derelictus
2670 3805 2873 3852 neces-

951 3898 1118 3962 sario
1146 3897 1504 3960 interiturus
1550 3901 1751 3971 esset,
1800 3895 2078 3975 sequitur
2122 3896 2315 3956 Deum
2350 3894 2410 3955 in
2456 3894 2651 3974 prima
2690 3892 2876 3955 homi-

953 4002 1052 4063 nis
1099 4001 1340 4083 origine
1385 4016 1631 4065 creasse
1673 4000 1981 4063 hominem
2029 3998 2242 4061 saltem
2285 3998 2345 4059 in
2382 3998 2639 4077 J'uvenili
2687 4000 2875 4059 aetate

953 4104 1188 4169 ratione
1238 4105 1518 4185 expedita
1575 4103 1915 4184 praeditum
1944 4150 1959 4179 ,
2007 4101 2323 4183 eidemque
2369 4106 2615 4182 propter
2660 4116 2872 4181 propa·

1024 4368 1043 4393 ²
1083 4368 1199 4433 Cap.
1237 4368 1316 4415 13.
