3128 5476
1923 707 1998 766 36

999 912 1270 974 »nostra
1287 923 1426 974 cum
1462 911 1728 1002 externis
1757 913 2015 976 caeteris
2052 911 2237 978 rebus
2268 919 2375 977 aut
2390 929 2571 996 pares
2605 917 2961 980 autetiam

1000 1013 1811 1095 »inferiores2reperiemun
1848 1015 2149 1098 religione
2203 1017 2259 1080 i.-
2314 1032 2370 1081 e.
2420 1019 2591 1083 cultu
2652 1021 2959 1084 Deorum

994 1118 1235 1194 »multo
1275 1120 1691 1198 superiores.”
1724 1127 1742 1152 ²
1832 1120 1993 1194 Quin
2054 1126 2116 1182 et
2165 1120 2311 1185 huic
2364 1121 2652 1202 religioso
2706 1124 2953 1186 sensui

993 1221 1314 1302 imperium
1367 1226 1785 1288 Romanorum
1833 1224 1897 1286 in
1962 1223 2314 1288 universum
2367 1229 2661 1288 terrarum
2710 1225 2953 1289 orbem

990 1324 1352 1390 adscribunt
1393 1327 1592 1390 multi.
1683 1330 1869 1392 »Non
1923 1327 2178 1403 mirum,
2241 1327 2331 1388 ait
2390 1331 2543 1392 Van.
2604 1330 2815 1403 Max„
2880 1330 2949 1392 si

991 1444 1153 1508 »pro
1221 1444 1294 1494 eo
1362 1421 1614 1510 imperio
1689 1429 1966 1510 augendo
2038 1429 2562 1512 custodiendoque
2638 1432 2947 1510 pertinax

989 1531 1288 1598 »deorum
1317 1532 1697 1615 indulgentia
1732 1548 1971 1613 semper
2015 1534 2326 1610 excubuit,
2378 1533 2565 1615 quod,
2596 1539 2719 1598 tam
2748 1551 2943 1600 scru-

989 1656 1023 1694 »
1047 1638 1267 1717 pulosa
1311 1653 1481 1716 cura,
1525 1639 1781 1718 parvula
1818 1654 2062 1720 quoque
2093 1644 2396 1704 momenta
2432 1639 2753 1721 religionis
2781 1655 2941 1704 exa-

989 1741 1286 1808 »minare'
1319 1743 1593 1834 videtum
1641 1743 1790 1822 quia
1844 1757 2179 1823 numquam
2216 1748 2483 1808 remotos
2526 1743 2603 1807 ab
2646 1744 2931 1808 exactis-

988 1847 1198 1912 »simo
1263 1847 1434 1912 cultu
1501 1846 2019 1911 caeremonarium
2084 1846 2297 1911 oculos
2349 1846 2650 1911 habuisse
2702 1852 2935 1911 nostra

986 1951 1263 2015 »civitas
1325 1949 1731 2014 existimanda
1799 1952 1959 2014 est.”
1988 1964 2009 1991 ²
2099 1950 2209 2011 Cui
2276 1950 2604 2030 respondet
2670 1951 2931 2032 insigne

983 2057 1480 2129 Mournsomnvn
1515 2042 1978 2130 testimonium,
2030 2055 2271 2118 »Rome
2320 2050 2471 2118 etait
2516 2071 2597 2116 un
2626 2054 2928 2118 vaisseau

987 2163 1182 2223 »tenu
1229 2175 1343 2240 par
1382 2159 1540 2224 deux
1580 2175 1797 2224 ancres
1839 2158 1994 2221 dans
2032 2159 2092 2220 la
2127 2155 2412 2238 tempete,
2454 2158 2515 2221 la
2563 2157 2825 2240 religion
2858 2165 2926 2224 et

869 2315 880 2330 .
989 2264 1128 2328 »les
1179 2267 1547 2330 moeurs.”-=⁸

1059 2370 1590 2435 verumenimvero
1634 2369 1889 2434 dubium
1938 2370 2118 2434 nobis
2164 2369 2267 2434 vix
2311 2374 2442 2445 est,
2477 2369 2627 2448 quin
2661 2368 2917 2449 plurimi

987 2471 1374 2554 antiquorum
1439 2473 1949 2555 philosophorum
1994 2475 2311 2539 veritatem
2365 2475 2525 2538 hanc
2587 2472 2761 2536 inviti
2802 2488 2917 2554 ag-

986 2576 1286 2642 noverint.
1373 2579 1459 2641 Ea
1509 2577 1817 2659 siquidem
1875 2578 2275 2659 plurimorum
2314 2592 2487 2642 mens
2533 2576 2653 2641 fuit
2685 2581 2747 2641 et
2782 2577 2915 2641 ani-

984 2693 1124 2745 mus
1147 2727 1164 2758 ,
1237 2685 1306 2745 ut
1382 2682 1613 2759 sacris,
1665 2697 1821 2763 quae
1874 2687 1945 2746 ut
1996 2681 2255 2746 ridicula
2315 2680 2751 2761 superstitione
2800 2681 2913 2743 im-

951 2784 1134 2849 'buta
1193 2786 1424 2850 homini
1504 2786 1683 2851 docto
1732 2785 2073 2867 spernenda
2121 2786 2417 2849 haberent
2438 2832 2455 2861 ,
2508 2800 2645 2848 eam
2686 2784 2909 2849 solum·

978 2888 1160 2953 modo
1201 2889 1538 2954 tribuerent
1574 2890 1700 2954 vim
1743 2894 1806 2952 et
1849 2887 2201 2966 efficaciam,
2251 2893 2322 2952 ut
2358 2887 2535 2968 plebs
2559 2888 2756 2953 avitos
2780 2902 2905 2951 ser·

979 2998 1150 3057 varet
1201 3007 1430 3069 mereo,
1484 2994 1907 3075 sinceramque
1953 2993 2195 3075 legibus
2241 2996 2581 3073 praestaret
2624 2990 2903 3057 obedien-

981 3097 1149 3160 tiam.
1235 3099 1372 3162 Non
1425 3097 1591 3161 enim
1636 3112 1845 3161 verum
1883 3112 1935 3159 a·
1969 3095 2127 3162 falso
2166 3095 2629 3177 distinguebant
2673 3100 2735 3159 et
2755 3094 2901 3160 adeo

979 3215 1192 3265 verum
1287 3201 1468 3265 simul
1537 3216 1611 3265 ac
1680 3200 1905 3265 falsum
1979 3200 2372 3280 rejiciebant,
2454 3200 2637 3265 sicuti
2700 3199 2897 3279 plures

981 3304 1318 3368 etiamnum
1387 3318 1629 3368 omnem
1696 3304 1944 3369 omnino
2005 3304 2389 3386 Religionem
2460 3305 2538 3369 ob
2609 3302 2900 3367 infinitam

981 3406 1374 3488 Religionum
1413 3407 1769 3472 varietatem
1796 3408 2165 3488 philosopho
2211 3424 2350 3473 esse
2391 3408 2570 3487 plane
2595 3409 2898 3490 indignam

983 3517 1304 3576 antumant
1346 3517 1408 3577 et
1455 3527 1664 3576 revera
1710 3511 1918 3585 dolent
1955 3510 2030 3575 de
2057 3512 2120 3575 vi
2150 3517 2213 3575 et
2246 3512 2513 3577 efficacia
2534 3512 2893 3592 ReligioniS,

984 3630 1166 3695 quam
1213 3617 1388 3682 inviti
1433 3632 1771 3699 agnoscere
1820 3614 2066 3681 debent.
2153 3617 2286 3690 Quo
2328 3616 2690 3694 antiquitus,
2742 3615 2898 3679 sicut

982 3726 1043 3785 et
1086 3719 1306 3797 hodie,
1341 3719 1570 3785 factum
1616 3725 1733 3796 est,
1780 3724 1852 3783 ut
1883 3718 2244 3799 deplorabili
2291 3718 2893 3798 inconsequentiam

982 3824 1240 3889 theatris
1262 3870 1279 3900 ,
1337 3823 1723 3889 orationibus
1786 3838 1859 3888 ac
1912 3823 2079 3887 omni
2133 3820 2373 3885 demum
2414 3823 2555 3887 data
2582 3823 2894 3888 occasione

980 3931 1190 3997 eadem
1237 3943 1412 3994 sacra
1454 3927 1545 3990 uti
1588 3916 1963 4006 praejudicia
2008 3931 2071 3991 et
2115 3924 2402 4007 figmenta
2446 3926 2891 4008 imaginationis

982 4034 1162 4115 plane
1214 4031 1466 4097 ridenda
1515 4028 1638 4111 ipsi
1706 4032 1933 4111 populo
1998 4028 2426 4108 obiicerentur.
2499 4034 2722 4096 Verum
2763 4030 2891 4110 quis

1047 4206 1068 4237 ι
1104 4185 1180 4242 Do
1209 4192 1329 4242 Nat.
1362 4192 1507 4243 Deor.
1543 4190 1604 4242 L.
1640 4189 1728 4251 ΙΙ,
1763 4206 1871 4258 cap.
1906 4192 1957 4240 3.

1046 4284 1068 4312 ⁸
1105 4284 1179 4333 De
1210 4280 1350 4333 dietis
1381 4282 1613 4349 factisque
1641 4279 2022 4333 memorabilibus
2038 4322 2055 4346 ,
2086 4281 2195 4335 Lib.
2230 4282 2277 4343 1,
2313 4298 2418 4349 cap.
2455 4286 2503 4343 1,
2537 4300 2588 4335 n.
2623 4286 2671 4334 8.

1048 4380 1068 4407 ³
1106 4374 1520 4441 Mon-resonam
1561 4374 1731 4441 Esprit
1762 4374 1843 4428 des
1877 4375 2005 4429 Loia.
2042 4376 2147 4429 Liv.
2186 4376 2338 4438 VIII,
2373 4377 2448 4427 ch.
2488 4377 2567 4427 13.
