3128 5476
1101 1361 1410 1432 CAPUT
1451 1363 1576 1430 ΠΙ.

453 1802 520 1856 ΒΕ
573 1799 890 1857 ΙΙΕΰΕὸδΑΒΙῠ
929 1797 1230 1855 wettelmus
1262 1797 1328 1853 fle
1357 1797 1579 1854 timens
1612 1797 1729 1854 clm
1761 1794 1903 1854 JURE
1935 1794 2231 1852 GOHGURSU.

739 2541 854 2639 »ln
897 2575 1101 2656 legum
1163 2574 1605 2640 constitutione
1654 2575 1914 2655 primum
1950 2580 2069 2651 est,
2123 2582 2193 2638 ut
2231 2577 2321 2639 ait

388 2683 871 2757 »Pto-rincum,
910 2685 972 2743 et
1004 2679 1336 2743 maximum
1373 2678 1447 2743 de
1470 2679 1611 2744 Diis
1640 2679 1887 2758 opinio,
1925 2680 2321 2761 quamobrem

387 2790 500 2853 »et
551 2790 880 2849 anunous
920 2784 1431 2851 Lacedaemonios
1479 2790 1542 2849 et
1587 2786 1777 2847 Num
1822 2786 2137 2848 Romanos
2179 2785 2319 2849 Diis

386 2904 869 2955 »consecravere
882 2889 1068 2966 votis,
1087 2889 1512 2965 sacramentiS,
1539 2886 1853 2964 vaticiniS,
1880 2888 2317 2968 ominibusque

389 3008 546 3057 »eos
629 2992 708 3057 ob
771 3008 942 3071 spem
982 2998 1046 3057 et
1106 2997 1333 3055 metum
1387 2992 1528 3057 Diis
1590 2991 1828 3057 deditos
1898 2993 2319 3073 obnoxiosque

387 3095 782 3160 »reddentes
883 3096 1016 3159 Etsi
1083 3100 1276 3159 terras
1310 3095 1500 3160 obeas
1555 3095 1830 3159 invenire
1877 3096 2085 3175 possis
2133 3096 2319 3160 urbes

390 3199 660 3275 »muris,
693 3198 890 3261 literis
911 3246 928 3275 ,
975 3198 1226 3279 regibus
1269 3206 1571 3265 carentes.
1619 3199 1844 3263 Urbem
1880 3199 2126 3280 templis
2154 3200 2322 3263 Diis-

388 3318 561 3384 »que
587 3308 913 3377 carentem,
939 3316 1098 3383 quae
1121 3302 1433 3381 precibus,
1457 3303 1878 3384 jurejurando,
1920 3303 2169 3369 oraculo
2200 3318 2323 3367 non

388 3412 668 3484 »matun
718 3422 842 3471 non
889 3406 1190 3473 bonorum
1233 3422 1422 3471 causa
1475 3407 1801 3484 sacrificet,
1848 3424 1971 3473 non
2016 3408 2181 3471 mala
2224 3424 2324 3471 sa·

388 3512 562 3577 »eris
599 3516 872 3577 avertere
917 3510 1152 3601 nitatur
1190 3525 1366 3575 nemo
1411 3526 1704 3593 umquam
1723 3511 1899 3588 vidit,
1948 3512 2055 3575 sed
2077 3511 2325 3576 facilius

391 3634 423 3674 »
447 3614 660 3679 urbem
689 3614 870 3681 condi
913 3615 1048 3679 sine
1091 3614 1224 3679 solo
1273 3620 1444 3695 puto,
1501 3631 1688 3695 quam
1736 3615 2029 3696 opinione
2070 3615 2145 3680 de
2187 3614 2326 3679 Diis

391 3720 693 3797 »penitus
727 3718 995 3793 sublata,
1019 3716 1328 3783 civitatem
1371 3717 1534 3783 coire
1574 3723 1683 3782 aut
1717 3722 2067 3785 constare.”
2089 3729 2109 3756 ²
2157 3719 2327 3784 Idem

390 3820 661 3885 fatentur
700 3822 859 3887 inter
900 3821 1229 3887 hodiernos
1275 3824 1504 3887 Hume:
1576 3824 1931 3889 »cherchez
1977 3840 2061 3887 un
2107 3823 2327 3903 peuple

391 3943 426 3982 »
451 3940 598 3989 sans
627 3926 912 4007 religion,
965 3926 1020 3989 si
1067 3941 1222 3993 vous
1263 3926 1322 3989 le
1357 3932 1600 3991 trouvez
1650 3944 1827 4008 soyez
1876 3928 2007 4005 sur,
2057 3928 2208 4009 qu’ii
2250 3943 2329 3991 ne

397 4027 659 4093 »dinei-e
725 4046 836 4109 pas
904 4028 1224 4109 beaucoup
1302 4029 1409 4092 des
1480 4028 1655 4094 betes
1724 4032 2003 4095 brutes.’'
2038 4052 2059 4079 2
2122 4033 2229 4095 Sic
2266 4037 2330 4095 et

395 4135 762 4197 RoussnAn:
813 4132 1096 4195 »samnis
1139 4131 1266 4197 etat
1307 4148 1384 4221 ne
1434 4134 1527 4197 fut
1560 4132 1743 4201 fonde
1784 4150 1903 4217 que
1939 4136 1998 4200 la
2040 4136 2325 4217 Religion

465 4295 482 4321 ²
525 4285 631 4336 Lib.
682 4287 864 4336 Contra
916 4285 1130 4337 Coloten.

465 4372 483 4393 ²
531 4376 664 4427 nist.
702 4377 802 4427 nat.
833 4376 888 4426 de
923 4376 969 4427 la
1006 4376 1226 4442 Religion
1263 4395 1310 4443 p.
1344 4379 1456 4429 133.
