3128 5476
1241 689 1315 746 23

295 891 642 971 iunctionis
701 907 1016 972 nexusque
1082 906 1316 972 genuS,
1379 907 1597 971 nempe
1640 893 1907 957 hominis
1949 907 2088 957 cum
2139 911 2243 958 su-

301 1010 514 1073 premo
556 998 680 1059 Deo
709 1043 724 1071 ,
773 997 1134 1075 semetipso,
1184 994 1538 1059 hominibus
1566 995 1741 1088 aliis.
1793 996 2243 1077 »Philosophia

303 1114 532 1174 »vero‚
589 1099 796 1178 inquit
834 1100 1096 1173 Cmnno,
1143 1099 1415 1162 omnium
1463 1104 1657 1161 mater
1699 1099 1921 1164 artium
1960 1100 2109 1178 quid
2149 1108 2245 1164 est

302 1201 523 1264 »aliud
565 1202 724 1277 nisi,
771 1207 839 1266 ut
887 1204 1094 1266 anro
1142 1202 1264 1277 ait,
1323 1201 1587 1277 donum,
1636 1207 1705 1264 ut
1744 1218 1894 1284 ego,
1932 1202 2245 1270 inventum

301 1307 664 1370 »Deorumi
695 1307 862 1370 Haec
895 1321 1010 1370 nos
1047 1306 1308 1385 primum
1337 1305 1411 1368 ad
1451 1306 1692 1370 illorum
1733 1306 1986 1381 cultum,
2025 1306 2244 1372 deinde

299 1408 433 1472 »ad
488 1410 592 1488 jus
632 1409 977 1484 hominum,
1029 1409 1191 1488 quod
1243 1409 1430 1472 situm
1464 1414 1557 1472 est
1594 1411 1658 1473 in
1706 1409 1949 1490 generis
1992 1410 2243 1476 humani

299 1512 662 1589 »societate‚
715 1519 846 1575 tum
887 1512 963 1575 ad
1009 1512 1370 1577 modestiam
1421 1511 2025 1593 magnitudinemque
2052 1515 2241 1578 animi

299 1616 677 1680 »erudivit.''
710 1632 728 1658 ²
802 1615 960 1692 Quid
1001 1617 1166 1680 enim
1212 1615 1665 1697 praestantius,
1714 1614 1862 1694 quid
1904 1616 2240 1696 optabilius

293 1724 394 1782 est
443 1719 712 1794 homini,
775 1734 958 1798 quam
1029 1724 1097 1781 ut
1154 1735 1190 1782 a
1241 1724 1512 1784 creatore
1568 1734 1681 1785 suo
1744 1718 2005 1798 pendeat
2046 1726 2235 1796 totus,

293 1823 613 1903 eidemque
668 1823 872 1888 animo
925 1824 1176 1900 volenti,
1227 1839 1351 1888 non
1413 1823 1577 1887 tristi
1646 1824 2045 1901 necessitate,
2102 1840 2240 1890 sese

297 1929 418 2008 ipsi
465 1927 778 2008 subjiciat.
849 1929 1017 2002 Quae
1059 1927 1114 1990 si
1169 1928 1374 1992 animo
1421 1927 1915 2007 comprehendat,
1963 1927 2238 1992 divinum

293 2047 405 2096 ceu
457 2047 762 2095 summum
814 2030 1149 2110 imperandi
1208 2032 1312 2109 jus
1354 2032 1687 2111 percipiet,
1734 2031 1836 2097 cui
1888 2047 2127 2096 summa
2172 2040 2235 2098 et

293 2135 672 2198 inviolabilis
746 2131 1204 2213 obtemperandi
1279 2134 1659 2209 necessitas,
1748 2149 1858 2198 seu
1937 2135 2234 2217 obligatio

290 2237 638 2317 respondet.
753 2237 1034 2316 Denique
1118 2241 1338 2302 natura
1414 2251 1562 2299 suas
1659 2237 1882 2317 cuique
1956 2245 2236 2302 nostrum

290 2341 614 2406 facultates
673 2341 1028 2418 distribuit,
1099 2355 1246 2404 suas
1301 2339 1663 2420 singulatim
1735 2341 1898 2404 vires
1956 2344 2234 2422 corporis

289 2446 633 2524 animique3
683 2462 756 2511 ac
797 2445 1107 2509 miseriam
1175 2457 1354 2508 suam
1404 2448 1511 2506 aut
1576 2445 1947 2523 voluptatem
2006 2447 2229 2510 mentis

289 2550 378 2613 ita
445 2550 708 2630 quisque
773 2551 988 2613 intime
1046 2547 1342 2627 percipit,
1416 2553 1485 2608 ut
1561 2563 1736 2610 nemo
1784 2548 2003 2628 magis.
2093 2553 2231 2615 Non

287 2653 492 2719 alieno
537 2654 688 2718 adeo
725 2654 960 2733 judicio
1009 2668 1295 2729 sensuve,
1354 2651 1462 2716 sed
1505 2656 1717 2716 nostro
1758 2652 1971 2716 miseri
2013 2669 2229 2718 sumus

285 2766 395 2823 aut
431 2759 662 2825 felices.
730 2762 917 2824 Nemo
965 2759 1156 2841 igitur
1201 2759 1256 2821 si
1289 2772 1505 2837 sapere
1528 2757 1697 2833 velit,
1748 2757 1833 2821 ita
1863 2773 1929 2821 se
1968 2759 2229 2823 aliorum

285 2862 593 2942 impendat
613 2862 967 2939 commodis„
1000 2863 1274 2942 seipsum
1297 2868 1364 2925 ut
1391 2861 1639 2940 penitus
1662 2860 1957 2941 negligat.
2004 2864 2229 2927 Verum

285 2982 406 3031 non
469 2968 588 3032 hoc
634 2984 846 3043 sensu,
899 2972 968 3030 ut
1005 2946 1296 3047 perpetuo
1345 2982 1412 3029 se
1443 2966 1647 3044 ipsum
1686 2964 1952 3043 quisque
1992 2972 2227 3045 spectet

279 3070 518 3152 agendo
543 3119 562 3147 ,
617 3086 852 3150 suaque
910 3069 1246 3136 commoda.
1335 3069 1493 3144 Quid
1561 3069 1724 3132 enim
1773 3085 1887 3133 nos
1942 3070 2110 3149 cogit
2158 3078 2225 3135 ut

277 3176 354 3241 dc
408 3175 590 3241 nobis
649 3190 892 3256 semper
935 3176 1278 3257 cogitemus
1350 3180 1685 3253 nostroque
1760 3174 2067 3239 inhiemus
2132 3176 2222 3239 lu·

279 3294 406 3345 cro.
495 3284 918 3355 »Honestum‚
997 3281 1201 3359 inquit
1281 3282 1589 3354 Tunius,
1664 3278 2062 3360 intelligitur,
2154 3286 2221 3343 ut
2322 3282 2331 3293 “

281 3386 593 3451 »detracta
643 3387 810 3451 omni
846 3386 1132 3460 utilitate,
1179 3385 1318 3448 sine
1363 3384 1508 3448 ullis
1549 3384 1842 3462 praemiis
1882 3384 2217 3448 fructibus-

281 3506 450 3571 »que
507 3491 891 3571 perseipsum
954 3490 1154 3571 possit
1205 3487 1464 3552 laudari.
1537 3487 1825 3569 Permulti
1874 3488 2039 3550 enim
2083 3502 2216 3551 eam

281 3608 514 3658 »unam
586 3594 664 3659 ob
705 3609 955 3658 causam
1001 3594 1192 3657 multa
1251 3592 1520 3666 faciunt,
1571 3591 1718 3669 quia
1792 3590 2001 3667 decet,
2064 3592 2212 3670 quia

281 3698 660 3763 »honestum
701 3704 819 3775 est,
875 3704 939 3762 et
972 3698 1027 3761 si
1077 3697 1311 3759 nullum
1353 3699 1708 3759 secuturum
1743 3695 2212 3759 emolumentum

280 3800 639 3865 »videant.'’
677 3810 696 3836 ⁸
752 3802 908 3867 Dein
949 3802 1176 3867 fatente
1213 3801 1446 3877 eodem,
1473 3806 1723 3864 natura
1758 3800 2077 3885 propensi
2102 3819 2209 3864 su-

276 3924 423 3970 mus
479 3905 568 3969 ad
619 3904 996 3991 diliyendos
1063 3902 1356 3973 homines
1387 3913 1406 3939 ³
1471 3906 1635 3970 sicut
1686 3909 1748 3968 et
1800 3904 2210 3969 Ecclesiastes

350 4153 366 4177 ¹
405 4140 604 4205 Qmest.
639 4142 744 4191 tusc
779 4140 836 4189 L.
873 4140 900 4189 Ι
937 4156 1041 4209 cap.
1078 4141 1157 4191 26.

348 4230 374 4257 ⁸
407 4232 481 4279 De
513 4230 643 4281 finib.
681 4232 737 4280 L.
777 4232 870 4281 VI.

345 4334 364 4358 ³
403 4325 475 4373 De
507 4321 648 4388 legib.
685 4324 742 4375 L.
780 4323 852 4373 11.
