3128 5476
1197 726 1232 784 5

253 925 482 993 bonum
532 934 683 1003 erat,
733 943 766 990 e
803 928 1025 991 virtute
1085 934 1148 991 et
1196 930 1513 992 honestate
1559 929 1783 1004 vivere,
1824 931 2173 1012 nullamque

253 1047 452 1113 neque
491 1032 741 1107 doloriS,
795 1047 994 1112 neque
1020 1031 1370 1095 morborum
1389 1031 1540 1112 quin
1563 1038 1625 1096 et
1646 1033 1861 1096 mortis
1878 1033 2173 1098 rationem
2241 1024 2249 1033 “

255 1135 496 1198 habere.
542 1137 778 1198 Vanum
811 1135 963 1212 proh
991 1134 1196 1199 dolor!
1235 1134 1573 1215 sapientiae
1588 1134 1869 1199 delirium
1889 1136 2173 1200 affectan-

253 1243 378 1310 tes,
406 1237 642 1300 beatam
689 1252 869 1316 saepe
891 1237 1079 1301 vitam
1115 1237 1378 1302 suicidio
1401 1238 1740 1319 fugiebant.
1786 1240 2175 1319 Peripatetici

249 1339 514 1421 denique
562 1356 700 1404 cum
745 1344 1132 1405 Amsrorum
1183 1340 1514 1404 intellectui
1561 1347 1743 1422 atque
1778 1342 1985 1406 virtuti
2014 1343 2177 1408 bona

251 1443 531 1507 fortunae
586 1443 984 1525 corporisque
1021 1443 1435 1524 adJungebant
1454 1491 1469 1519 ,
1490 1449 1560 1507 ut
1586 1459 1659 1507 ex
1687 1446 1903 1508 horum
1931 1449 2175 1512 cumulo

250 1563 549 1612 summum
609 1548 836 1612 bonum
903 1553 1316 1630 consurgeret.
1402 1549 1665 1628 Propius
1731 1548 1807 1611 ad
1863 1551 2177 1614 veritatem

247 1652 513 1716 accessit
577 1654 808 1728 Pam-o,
862 1653 970 1733 qui
1015 1653 1208 1715 Divus
1253 1651 1412 1714 inter
1455 1651 1889 1732 philiosophos
1938 1671 2172 1719 nuncu-

250 1759 465 1834 patur,
501 1755 877 1836 primusque,
905 1760 1059 1818 teste
1083 1757 1415 1830 Crannona,
1448 1755 1913 1835 Philosophiam
1935 1759 2177 1823 vocavit

247 1874 284 1921 e
323 1858 515 1922 coelo.
598 1861 805 1922 Pnaro
851 1859 1137 1924 nimirum
1194 1857 1635 1922 beatitudinem
1686 1860 1747 1922 in
1812 1861 1923 1924 Dei
1962 1863 2174 1942 cogni-

247 1962 414 2026 tione
475 1977 793 2043 rerumque
855 1961 1362 2040 contemplatione
1386 2009 1402 2036 ,
1455 1961 1638 2025 simul
1701 1968 1764 2026 et
1810 1963 1871 2026 in
1939 1980 2177 2028 morum

253 2067 568 2130 honestate
635 2071 696 2128 et
735 2065 959 2128 virtute
1006 2065 1347 2129 constituit.
1436 2065 1675 2140 Quibus
1718 2066 1961 2148 insigne
2013 2075 2177 2133 certo

253 2170 484 2234 bonum
546 2173 966 2247 comparatur;
1047 2166 1246 2248 quod,
1315 2167 1493 2231 modo
1550 2185 1689 2232 cum
1760 2185 1869 2248 spe
1938 2171 2177 2236 futurae

253 2279 315 2338 et
361 2272 661 2352 perfectae
705 2270 1016 2335 felicitatis
1073 2271 1492 2351 assequendae
1541 2272 1950 2353 conjungatur
1974 2323 1990 2350 ,
2054 2291 2180 2339 om-

249 2393 386 2442 nem
454 2375 793 2457 praesentis
866 2375 1029 2438 vitae
1118 2374 1557 2438 beatitudinem
1622 2375 1887 2439 exhibet.
2004 2380 2179 2441 Insa·

250 2481 450 2544 tiabili
510 2479 791 2561 equidem
857 2477 1078 2541 mentis
1139 2484 1384 2542 nostrae
1446 2478 1749 2543 desiderio
1827 2495 1947 2543 non
2024 2482 2176 2544 satis

249 2585 337 2647 fit.
424 2583 827 2660 Quamobrem
885 2581 1296 2645 indubitatum
1349 2582 1530 2646 nobis
1570 2589 1667 2647 est
1712 2597 2017 2646 summum
2071 2585 2175 2648 ho-

245 2689 430 2752 minis
487 2689 714 2753 bonum
773 2703 894 2751 non
950 2687 1073 2750 nis-i
1144 2687 1204 2749 in
1272 2686 1461 2750 altero
1510 2686 1750 2751 futurae
1804 2687 1965 2751 vitae
2014 2691 2179 2751 statu

246 2794 510 2858 obtineri
560 2806 765 2872 posse.
813 2795 882 2854 In
934 2806 1007 2855 eo
1045 2790 1350 2871 siquidem
1391 2809 1530 2855 ‘non
1563 2810 1689 2875 per
1726 2790 2059 2874 speculum
2105 2792 2181 2856 in

249 2895 618 2980 aenigmate
641 2906 659 2932 ²
729 2895 836 2958 sed
902 2893 1072 2979 facie
1141 2893 1228 2958 ad
1288 2893 1526 2979 faciem
1568 2894 1933 2959 videbimus
1979 2902 2182 2961 Deum

247 3000 454 3065 sicuti
505 3007 619 3062 esc.
646 3007 676 3033 ²·
737 3000 868 3073 Qua
907 2997 1147 3062 visione
1189 3013 1378 3077 quum
1421 3014 1533 3061 nec
1573 2998 1717 3060 mali
1756 2999 2021 3077 speciem
2067 3016 2179 3063 nec

249 3104 560 3168 ulterioris
627 3101 931 3165 defectum
982 3100 1377 3180 perfectionis
1446 3100 1745 3180 percipiat
1800 3101 2168 3177 intellectus,

247 3222 500 3271 necesse
557 3211 682 3281 est,
741 3211 810 3268 ut
855 3204 1138 3268 voluntas
1189 3203 1561 3266 irresistibili
1612 3203 1856 3283 quidem
1893 3205 2173 3280 vincum,

247 3314 584 3390 spontanea
655 3314 854 3371 tamen
927 3314 988 3371 et
1051 3306 1418 3370 suavissima
1461 3305 1687 3370 unione
1770 3311 1895 3372 Deo
1943 3309 2176 3388 perfec-

245 3413 490 3478 tissimo
555 3414 983 3493 conjungatur.
1096 3413 1262 3474 Haec
1310 3416 1405 3474 est
1467 3426 1624 3489 quae
1678 3412 1884 3475 Sacris
1926 3413 2171 3488 Literis,

245 3517 539 3581 suadente
581 3516 716 3596 ipsa
757 3514 1020 3579 naturali
1081 3515 1353 3590 ratione,
1406 3504 1697 3577 innuitur‘
1732 3515 2161 3594 Philosophia;

249 3636 359 3684 nec
403 3620 617 3699 paucis
655 3619 930 3683 obsoleta
987 3617 1245 3691 videtur,
1305 3618 1410 3696 qui
1460 3617 1742 3680 deliranti
1793 3618 2176 3699 indulgentes

251 3723 705 3805 imaginationi,
779 3738 934 3787 nova
1003 3721 1228 3800 potius.
1266 3727 1605 3785 commenta
1656 3722 1863 3802 generi
1913 3723 2178 3787 humano

249 3828 598 3893 obtrudunt.
648 3828 776 3907 Ipsi
815 3827 1097 3891 videant:
1158 3841 1280 3890 non
1316 3826 1559 3889 insisto.

327 3933 576 4014 Insigne
653 3937 960 4011 praeterea
1017 3933 1138 3995 huc
1221 3929 1597 3994 referendum
1640 3928 1878 3993 videtur
1922 3930 2175 4011 dogma„

249 4036 412 4116 quod
497 4052 620 4099 una
722 4036 960 4116 generis
1066 4036 1314 4098 humani
1394 4034 1771 4128 ‚conscientia
1852 4039 2165 4113 arguente,

319 4274 332 4297 ¹
377 4275 402 4321 1
441 4274 552 4320 Cor.
589 4286 692 4335 cap.
731 4272 806 4317 13.

318 4375 336 4399 ²
377 4363 518 4413 Joan.
555 4360 708 4426 Epist.
745 4362 800 4421 I,
837 4376 938 4425 cap.
975 4363 1020 4407 3.
