3128 5476
1857 719 1933 776 22

923 923 1440 1005 proptereaquod,
1549 923 1655 1000 qui
1759 922 1960 985 omnia
2054 935 2165 982 sua
2236 918 2549 982 individua
2624 919 2870 982 ratione

926 1024 1436 1106 comprehendere
1523 1025 1889 1104 opinantur,
1940 1023 2158 1086 falsam
2200 1022 2321 1086 sibi
2364 1021 2633 1086 hominis
2682 1027 2867 1084 natu-

925 1144 1055 1192 ram
1109 1127 1399 1210 effingant
1456 1133 1517 1191 et
1571 1143 1754 1190 unam
1826 1126 2083 1190 aliamve
2148 1142 2223 1189 ex
2272 1124 2673 1210 relationibus
2718 1125 2869 1203 ejus

924 1218 1310 1295 naturalibus
1369 1237 1597 1312 negent
1634 1231 1730 1294 vel
1766 1230 2268 1310 praetermittant.
2316 1230 2503 1292 Porro
2545 1228 2609 1290 in
2640 1232 2871 1290 natura

925 1335 1219 1411 hominis,
1268 1340 1334 1397 ut
1366 1334 1632 1398 breviter
1670 1333 2057 1414 colligamuS,
2103 1333 2319 1395 insunt
2344 1331 2467 1394 alia
2496 1331 2875 1410 pertinentia

925 1437 1003 1501 ad
1043 1439 1316 1501 animum
1375 1438 1679 1514 hominiS,
1727 1437 1849 1500 alia
1893 1437 1968 1499 ad
2016 1451 2275 1516 corpuS,
2324 1434 2447 1498 alia
2490 1433 2569 1496 ad
2608 1449 2705 1497 res
2757 1449 2869 1498 ex-

924 1546 1131 1605 ternas
1199 1541 1395 1605 eidem
1473 1541 1855 1605 extrinsecus
1932 1539 2354 1603 adhaerentes.
2427 1540 2598 1602 Inest
2646 1537 2867 1601 arctis-

922 1645 1083 1708 sima
1129 1644 1480 1723 conjunctio
1529 1660 1605 1708 ac
1650 1661 1842 1708 nexus
1864 1692 1881 1719 ,
1938 1659 2117 1722 quem
2153 1640 2522 1706 constrinxit
2576 1642 2710 1720 ipsa
2750 1655 2868 1703 na-

921 1754 1058 1811 tura
1105 1764 1246 1813 cum
1295 1751 1446 1825 Deo,
1494 1749 1739 1812 homine
1786 1748 1921 1828 ipso
1968 1752 2032 1811 et
2068 1745 2423 1810 hominibus
2482 1743 2647 1808 aliis.
2691 1748 2875 1808 Inest

923 1857 1125 1916 status
1201 1853 1500 1916 naturalis
1570 1853 1667 1915 vel
1756 1850 2127 1915 adventitius
2194 1850 2537 1930 multiplex.
2642 1851 2873 1912 Insunt

924 1955 1076 2021 fines
1143 1956 1407 2036 denique
1433 2003 1448 2031 ,
1503 1955 1568 2017 in
1610 1954 1839 2018 finibus
1890 1953 2141 2035 graduS‚
2170 1952 2341 2028 ordo,
2369 1953 2679 2033 proportio
2698 1969 2873 2017 com-

923 2066 1138 2141 parata
1173 2059 1251 2122 ad
1289 2063 1432 2138 apta
1460 2059 1681 2122 media.
1768 2061 1857 2120 Ex
1913 2057 2132 2122 horum
2182 2057 2455 2122 omnium
2496 2059 2869 2137 contempla-

930 2163 1097 2227 tione
1168 2155 1454 2226 universa
1527 2160 1815 2242 deinceps
1858 2160 2188 2240 disciplina
2236 2159 2575 2224 haurienda
2623 2167 2741 2226 est.

1009 2266 1315 2345 Cogitanti
1372 2266 1535 2330 serio
1577 2266 1652 2328 de
1707 2266 1975 2328 humana
2016 2269 2237 2326 natura
2280 2263 2411 2326 fieri
2456 2280 2579 2328 non
2617 2270 2823 2346 potest
2852 2317 2867 2342 ,

927 2370 1077 2450 quin
1125 2370 1291 2433 illico
1326 2370 1685 2435 observetur
1726 2368 2071 2431 arctissima
2108 2368 2482 2447 conjunctio,
2531 2385 2651 2448 qua
2680 2370 2873 2434 homo

926 2473 1066 2552 ipsa
1129 2488 1244 2536 sua
1301 2474 1540 2554 origine
1604 2472 1891 2551 omnique
1961 2473 2394 2553 progressione
2438 2473 2602 2536 vitae
2635 2489 2707 2536 ac
2746 2470 2875 2536 fine

927 2576 1333 2656 adstringitur
1407 2591 1641 2640 summo
1706 2578 1835 2640 Deo
1904 2591 2121 2655 nempe
2182 2577 2440 2640 creatori
2504 2592 2616 2640 suo
2655 2582 2719 2640 et
2758 2595 2875 2658 gu-

932 2673 1276 2757 bernatori,
1350 2679 1458 2743 fini
1525 2678 1743 2763 ultimo
1798 2695 1909 2743 seu
1962 2695 2196 2745 summo
2244 2679 2429 2745 bono.
2518 2681 2673 2745 Dein
2728 2698 2876 2746 cum

929 2784 1004 2849 de
1072 2800 1140 2848 se
1189 2783 1454 2864 quisque
1529 2800 1765 2863 suaque
1826 2787 2145 2863 praesente
2188 2799 2261 2848 ac
2311 2784 2514 2847 sutura
2556 2792 2717 2849 sorte
2765 2802 2877 2849 co-

929 2888 1105 2969 gitet,
1163 2886 1514 2951 necessario
1563 2886 1667 2962 fit,
1713 2891 1785 2949 ut
1830 2887 2020 2949 alium
2064 2888 2328 2967 quisque
2378 2904 2415 2951 a
2444 2890 2773 2970 semetipso
2802 2908 2878 2955 se

928 2990 1366 3066 consideranS,
1434 2990 1583 3070 quid
1648 2990 1910 3053 maxime
1958 2990 2081 3053 sibi
2136 2992 2453 3075 expediat,
2500 2995 2649 3073 quid
2698 3010 2734 3057 a
2776 3012 2875 3058 se-

925 3099 1052 3159 met
1078 3093 1371 3159 debeatur
1391 3093 1516 3158 sibi
1545 3094 1867 3174 expendat,
1907 3093 2214 3174 dicatque:
2252 3095 2601 3179 proximus
2624 3107 2879 3181 eyomet

930 3216 1078 3262 sum
1153 3194 1322 3261 mihi
1371 3216 1538 3282 prae
1586 3194 1963 3262 hominibus
2012 3197 2169 3263 aliis
2186 3228 2213 3274 ;
2255 3202 2616 3280 praesertim
2686 3218 2878 3281 quum

927 3301 1246 3381 multiplex
1293 3301 1519 3364 animal
1573 3301 1657 3363 sit
1692 3303 1870 3365 bomo
1898 3350 1914 3377 ,
1959 3303 2283 3382 multiplici
2326 3320 2539 3384 nempe
2559 3305 2877 3384 praeditus

932 3405 1258 3479 facultate,
1305 3420 1422 3469 nec
1465 3405 1600 3484 ipse
1644 3405 1767 3468 sibi
1811 3411 2101 3485 perpetuo
2144 3410 2521 3486 consentiat,
2570 3410 2677 3473 sed
2720 3409 2878 3473 deli-

933 3508 1202 3574 berando
1257 3507 1719 3589 appetendoque
1756 3524 1937 3590 saepe
1978 3510 2041 3572 in
2080 3517 2286 3590 partes
2322 3511 2701 3577 distrahatur
2726 3528 2879 3577 con-

937 3613 1180 3676 trarias.
1269 3613 1547 3691 Denique
1638 3628 1761 3677 non
1830 3630 1953 3679 uno
2044 3616 2291 3681 vinculo
2358 3618 2665 3683 hominem
2732 3634 2879 3681 cum

939 3719 1295 3785 hominibus
1340 3704 1613 3784 devinxit
1656 3724 1911 3803 natura,
1968 3722 2275 3785 communi
2324 3737 2539 3801 nempe
2599 3722 2872 3801 origine,

937 3838 1270 3906 progressu
1313 3839 1385 3888 ac
1431 3823 1573 3899 fine,
1608 3824 2010 3889 similitudine
2046 3826 2423 3911 facul-tatum,
2464 3829 2874 3908 appetituum,

937 3930 1344 4002 miseriarum,
1407 3928 1789 4007 voluptatum
1852 3934 1915 3992 et
1971 3946 2093 4007 qua
2148 3946 2337 3993 unum
2407 3946 2552 4011 prae
2604 3932 2878 3994 animan-

939 4034 1110 4098 tibus
1180 4034 1487 4098 hominem
1543 4034 1837 4097 instruxit
1879 4034 2167 4098 facultate
2211 4036 2659 4100 sermocinandi
2715 4052 2879 4099 com-

939 4138 1418 4217 municandique
1467 4138 1735 4219 cogitata
1769 4142 1832 4201 et
1883 4152 2105 4201 sensus
2144 4139 2355 4215 animi,
2394 4145 2666 4204 mutuam
2702 4155 2882 4218 opem

943 4247 1006 4306 et
1044 4241 1287 4306 solatia.
1336 4241 1608 4305 Dubium
1656 4241 1844 4321 igitur
1883 4257 2005 4305 non
2053 4249 2171 4319 est,
2219 4244 2369 4323 quin
2418 4242 2495 4306 ad
2540 4244 2875 4323 perfectam

945 4352 1199 4412 naturae
1245 4347 1511 4429 hominis
1554 4346 1967 4428 cognitionem
2019 4346 2079 4412 id
2129 4349 2347 4429 triplex
2384 4348 2697 4427 pertineat.
2732 4362 2878 4412 con-
