3128 5476
1018 1311 1326 1381 CAPUT
1387 1313 1474 1380 ΙΙ.

773 1721 838 1774 ΒΕ
900 1720 1070 1774 ΡΒΙΜΟ
1137 1722 1292 1775 aunis
1355 1722 1636 1776 rnilitum.

433 2462 581 2562 Duo
651 2503 992 2563 statuamus
1065 2505 1301 2579 oportet
1367 2499 1705 2579 principia,
1781 2513 1935 2577 quae
2000 2499 2163 2579 legi,

233 2607 416 2678 prout
454 2618 586 2667 eam
643 2602 1075 2683 exposuimuS,
1117 2620 1191 2668 cx
1231 2618 1427 2684 aequo
1475 2603 1875 2677 conveniunt;
1944 2601 2169 2682 princi-

229 2705 404 2784 pium
443 2707 800 2772 existentiae
839 2707 1120 2773 videlicet
1163 2714 1223 2772 et
1277 2707 1675 2789 cognitionis.
1763 2709 1931 2771 Haec
1967 2704 2167 2786 appri-

231 2823 330 2873 me
357 2808 790 2891 distinguenda
838 2818 1016 2889 sunt,
1059 2828 1134 2875 ne
1161 2811 1526 2876 confusione
1559 2812 1758 2892 magis
1800 2812 2161 2886 involvatur,

231 2928 416 2991 quam
460 2913 666 2978 debita
727 2916 1160 2996 perspicuitate
1210 2915 1550 2981 elucidetur
1594 2919 1908 2993 tantopere
1958 2913 2167 2995 dispu-

229 3020 359 3078 tata
402 3018 682 3095 quaestio
723 3018 796 3082 de
845 3019 1040 3099 primo
1088 3020 1246 3098 juris
1301 3018 1627 3100 principio.

311 3119 686 3200 Principium
723 3122 1108 3198 existentiae,
1151 3123 1312 3201 quod
1341 3123 1638 3187 rationem
1676 3122 1908 3203 profert
1932 3136 2043 3185 cur
2068 3121 2165 3184 lex

229 3222 532 3286 naturalis
613 3225 871 3302 existat,
936 3224 1230 3289 coincidit
1291 3242 1428 3290 cum
1489 3226 1657 3290 fonte
1694 3230 1880 3304 atque
1920 3225 2160 3306 origine

230 3325 466 3391 ordinis
527 3328 819 3405 morali5‚
876 3344 997 3392 non
1071 3330 1134 3390 in
1205 3344 1272 3392 se
1340 3330 1642 3408 spectati,
1689 3328 1799 3394 sed
1846 3329 2032 3392 relate
2085 3329 2162 3394 ad

229 3430 538 3511 hominem
591 3431 850 3497 aliamve
921 3431 1279 3497 rationalem
1337 3436 1677 3496 creaturam
1724 3434 1851 3497 Deo
1917 3432 2161 3511 subjec-

229 3540 375 3597 tam.
423 3535 566 3599 Solo
609 3536 898 3599 nimirum
945 3538 1072 3600 Deo
1115 3536 1444 3610 existente,
1504 3535 1651 3600 ordo
1691 3536 1939 3599 moralis
1978 3536 2159 3599 ratio-

231 3652 369 3701 nem
408 3639 566 3720 legis
612 3654 734 3703 non
783 3639 1006 3714 habet;
1055 3654 1196 3702 nam
1233 3638 1389 3701 ratio
1428 3637 1587 3719 legis
1614 3639 1677 3700 in
1715 3654 1787 3701 eo
1834 3639 2152 3716 consistit,

231 3741 393 3820 quod
432 3744 783 3807 necessario
827 3748 1280 3823 praesupponat
1319 3741 1769 3823 legislatorem,
1798 3743 1976 3822 cujus
2019 3743 2157 3823 ipsa

229 3850 327 3910 est
371 3846 758 3910 manifestata
822 3847 1138 3921 voluntaS,
1193 3861 1314 3925 qua
1379 3844 1612 3909 subditi
1663 3850 1861 3909 certas
1912 3853 2156 3911 servent

227 3956 289 4013 et
350 3948 778 4013 detenuinatas
843 3950 1169 4014 relationes
1227 3948 1302 4011 ad
1341 3948 1755 4030 legislatorem
1809 3954 1917 4013 aut
1964 3948 2040 4012 ad
2086 3964 2153 4015 se

231 4053 508 4119 invicem.
581 4053 958 4133 Principium
1003 4067 1185 4133 porro
1223 4052 1584 4116 existentiae
1628 4052 1861 4116 ordinis
1900 4053 2151 4119 moralis

230 4164 325 4222 est
364 4163 608 4222 aeterna
637 4157 792 4223 ratio
821 4156 1062 4221 divinae
1101 4156 1464 4237 sapientiae,
1507 4162 1690 4236 prout
1729 4161 1823 4219 est
1864 4156 2151 4221 directrix

232 4274 474 4332 actuum
514 4267 832 4331 rationalis
873 4272 1207 4331 creaturae.
1255 4268 1587 4348 Improprie
1629 4274 1788 4331 certe
1817 4269 1951 4349 ipse
1981 4271 2147 4332 Deus

233 4372 376 4436 huic
436 4371 634 4435 ordini
681 4371 906 4451 subjici
936 4371 1200 4447 dicitur,
1234 4373 1294 4434 in
1343 4374 1487 4451 Ipso
1530 4387 1791 4451 namque
1844 4372 1991 4437 ordo
2026 4388 2147 4436 mo-

1881 4499 1915 4547 2
