3128 5476
1218 689 1294 747 39

285 895 484 975 cipiat
539 892 940 957 nihilominus
1019 891 1289 955 eamdem
1355 890 1476 953 sihi
1526 890 1644 954 soli
1688 890 1991 966 relictam,
2052 892 2213 956 omni

285 997 648 1062 destitutam
714 994 1102 1060 revelationis
1160 993 1412 1069 lumine,
1479 993 1554 1056 ab
1606 993 1767 1057 omni
1798 994 2032 1086 ,Divina
2068 1008 2215 1059 auc-⁴

289 1101 537 1165 tor-itate
594 1101 922 1163 immunem
968 1103 1076 1161 aut
1117 1113 1250 1162 eam
1307 1098 1677 1160 abnuentem
1722 1097 1990 1177 ineptam
2034 1112 2212 1174 esse,

291 1203 595 1267 fateamur
637 1217 887 1266 necesse
941 1207 1070 1278 est,
1131 1207 1202 1265 ut
1259 1201 1416 1281 legis
1459 1201 1757 1264 naturalis
1812 1201 2007 1266 officia
2052 1202 2219 1268 dete·

293 1312 436 1388 gat,
495 1305 839 1387 dignoscat,
907 1321 982 1369 ac
1035 1320 1174 1369 cum
1229 1305 1483 1386 propria
1519 1304 1685 1369 dicta
1742 1305 2106 1370 certitudine
2157 1305 2220 1368 111

289 1427 518 1490 corpus
584 1410 894 1474 doetrinae
953 1411 1223 1492 colligat.
1313 1409 1470 1485 Quid
1534 1426 1717 1492 ergo;
1768 1410 1892 1473 nisi
1938 1410 2221 1474 Divinam

301 1513 561 1593 insuper
601 1527 1006 1594 agnoscamus
1051 1513 1546 1593 Philosophiam,
1593 1513 1938 1595 mentisque
1982 1516 2227 1576 nostrae

297 1616 779 1680 imbecillitatem
827 1617 1082 1681 candide
1125 1617 1535 1696 profiteamur.
1586 1619 1822 1703 §Notre
1868 1617 2101 1693 raison,
2156 1621 2231 1679 ut

301 1721 442 1787 »ait
499 1722 738 1794 Eunu,
801 1723 962 1784 n’est
1013 1736 1232 1801 propre
1297 1718 1440 1803 qu'a
1486 1721 1783 1787 brouiller
1836 1724 2004 1797 tout,
2084 1717 2227 1802 qu’a
2262 1715 2278 1739 ⁸

305 1823 510 1887 »faire
573 1823 791 1889 douter
851 1823 926 1888 de
993 1829 1160 1889 tout:
1235 1824 1350 1890 elle
1410 1828 1510 1888 n’a
1572 1841 1682 1904 pas
1722 1821 1924 1904 plutdt
1964 1822 2092 1887 b'ati
2145 1840 2227 1887 un

301 1943 636 2008 »ouvrage,
683 1927 904 2009 qu'elle
941 1942 1098 1992 nous
1128 1933 1363 1993 montre
1388 1928 1478 1993 les
1507 1942 1757 2008 moyens
1796 1927 1871 1991 (16
1911 1927 1970 1990 16
1993 1927 2231 1992 ruiner..

305 2033 520 2095 »C’est
569 2046 690 2096 une
727 2029 1021 2096 veritable
1081 2029 1381 2112 Penelope
1408 2081 1424 2108 ,
1468 2033 1576 2116 qui
1642 2031 1913 2114 pendant
1968 2030 2029 2094 la
2093 2030 2231 2094 nuit

305 2132 549 2199 »defait
612 2135 675 2197 la
747 2135 922 2210 toile‚
991 2135 1212 2216 qu'elle
1256 2137 1419 2200 avait
1461 2136 1607 2200 saite
1652 2136 1919 2217 pendant
1965 2135 2023 2198 16
2060 2134 2233 2214 jour..

305 2238 533 2301 »Ainsi
570 2239 629 2302 le
653 2238 931 2303 meilleur
959 2255 1150 2320 usage
1182 2242 1366 2320 qu’on
1397 2241 1611 2319 puisse
1642 2239 1793 2302 faire
1830 2239 1905 2302 de
1941 2239 2001 2302 la
2026 2239 2229 2319 philo-

307 2341 577 2422 »sophie
625 2347 722 2406 est
760 2341 834 2406 de
874 2343 1221 2420 connaitre,
1252 2344 1492 2425 -qu’elle
1549 2350 1646 2408 est
1680 2359 1801 2407 une
1838 2343 1975 2407 voie
2026 2339 2231 2422 d'ega-

307 2451 590 2510 »rement
651 2451 713 2510 et
773 2461 890 2524 que
955 2465 1127 2510 nou-5·
1195 2446 1442 2511 decons
1500 2443 1807 2512 chercher
1877 2465 1972 2510 un
2040 2454 2231 2508 autre

307 2547 597 2633 miride,
649 2549 764 2633 qui
801 2557 897 2614 est
939 2547 1004 2614 la
1050 2548 1322 2626 lumiere
1368 2549 1676 2616 re've'le'e‘’.
1713 2561 1731 2587 ²
1820 2553 1973 2613 Sunt
2000 2549 2226 2630 quibus

307 2654 586 2720 obsoleta
629 2659 790 2719 certe
827 2653 1066 2719 videtur
1105 2655 1450 2718 Christiana
1471 2656 1887 2736 philosophiam
1916 2660 2017 2718 ast
2050 2653 2235 2732 priusx

299 2757 452 2840 quid
502 2758 822 2824 aedificent
869 2774 1054 2840 quam
1110 2760 1314 2824 omnia
1375 2760 1712 2823 destruant.
1800 2762 2021 2823 Verum
2065 2757 2239 2820 enim

304 2879 484 2929 vero:
1111 2930 1118 2935 ,

465 2972 608 3031 Iam
633 2984 802 3050 naqa
833 2964 1148 3049 prosiliet
1193 2965 1406 3051 frenis
1443 2979 1695 3031 natura
1730 2966 2021 3031 remotis.
2048 2985 2068 3010 ²

388 3074 588 3147 Quum
673 3073 839 3135 Deus
910 3072 992 3133 sit
1053 3071 1286 3135 ordinis
1355 3072 1605 3135 moralis
1686 3070 1997 3146 conditor,
2091 3086 2247 3135 con--

313 3179 625 3249 servator,
721 3180 1136 3238 remunerator
1227 3180 1288 3237 et
1351 3174 1569 3238 vindex
1595 3223 1611 3251 ,
1684 3190 1872 3255 quum
1941 3174 2017 3237 ad
2082 3176 2279 3237 Eum·

311 3278 518 3357 ejusve
577 3278 832 3359 gloriam
893 3278 1041 3341 ordo
1106 3278 1356 3341 moralis
1415 3278 1743 3354 referatur,
1802 3279 2049 3358 planum
2096 3282 2231 3352 est,

309 3383 504 3445 Deum
540 3382 615 3444 ab
661 3382 925 3457 homine,
974 3387 1043 3446 ut
1067 3383 1352 3463 congruit
1378 3389 1440 3446 et
1479 3399 1731 3448 necesse
1768 3390 1885 3459 est,
1932 3398 2053 3447 non
2090 3382 2231 3457 coli,

305 3485 428 3549 nisi
485 3485 668 3549 homo
713 3486 920 3549 omnia
948 3486 1182 3551 ordinis
1236 3486 1488 3550 moralis
1533 3487 1766 3563 officia,
1815 3502 1971 3568 quae
2013 3487 2231 3575 Deum,

235 3596 241 3605 ·
309 3589 710 3669 semetipsum
783 3594 846 3653 et
902 3590 1245 3668 proximum
1289 3595 1604 3669 spectant,
1665 3595 1825 3655 recte
1882 3588 2232 3669 adimpleat.

310 3693 528 3755 Omnia
605 3692 796 3773 igitur
857 3691 1090 3757 ordinis
1149 3693 1398 3756 moralis
1446 3693 1648 3757 officia
1696 3694 1965 3774 speciem
2012 3692 2239 3756 habent

307 3793 688 3875 Religionis:
755 3796 862 3877 qui
925 3796 1086 3859 enim
1126 3812 1198 3861 ea
1230 3812 1500 3879 congrue
1551 3797 1898 3879 exequitur,
1955 3800 2081 3861 Deo
2128 3795 2233 3860 oh-

309 3903 636 3978 temperat,
689 3901 796 3981 qui
835 3916 975 3967 vero
1039 3901 1380 3966 voluntarie
1425 3901 1699 3967 ordinem
1728 3900 2077 3983 perturbat,
2108 3902 2233 3963 Deo

306 4000 560 4065 resistit.
681 4004 1061 4086 Religionem
1143 4004 1276 4069 ideo
1343 4020 1380 4067 a
1440 4020 1677 4069 morum
1756 4005 2101 4087 integritate
2162 3988 2224 4067 et

304 4106 631 4170 sanctitate
681 4121 803 4170 non
853 4109 1281 4191 sejungenteS,
1353 4112 1472 4175 hoc
1509 4111 1633 4174 fere
1660 4110 1839 4177 modo
1862 4115 2237 4191 spectamuS,

380 4258 396 4283 ²
437 4258 570 4309 Diet.
611 4260 718 4309 crit.
753 4264 844 4311 art.
882 4262 1078 4311 Brunel.

373 4354 393 4379 ²
435 4350 731 4412 Horum-ms,
769 4350 873 4411 Lib.
911 4351 996 4411 ΙΙ,
1033 4353 1133 4402 Sat.
1165 4346 1278 4403 VII'
1315 4372 1360 4405 v.
1401 4356 1480 4407 74.
