3128 5476
1792 713 1864 770 44

863 923 1062 986 favere
1107 922 1273 984 nulla
1321 921 1556 983 ratione
1602 934 1822 996 posse;
1874 920 2131 995 insuper
2158 918 2263 994 qui
2284 916 2453 980 vitiis
2486 919 2803 991 inhaeret,

864 1027 1142 1090 societati
1181 1031 1277 1088 651
1315 1039 1522 1088 revera
1561 1023 1884 1095 exitiosuS,
1943 1020 2170 1084 honum
2190 1021 2505 1099 publicum
2534 1021 2800 1094 deserit,

865 1131 926 1191 in
988 1145 1053 1192 se
1116 1130 1317 1192 omnia
1379 1125 1697 1199 convertit,
1761 1125 1963 1203 ipsum
2022 1123 2335 1187 societatis
2379 1123 2607 1186 honum
2668 1125 2807 1202 pri-

862 1239 1002 1296 vato
1079 1249 1194 1296 suo
1271 1232 1432 1293 hono
1505 1227 1760 1306 subjicit
1830 1226 2102 1306 adeoque
2168 1227 2482 1291 societatis
2542 1228 2807 1290 vincula

863 1337 959 1400 vel
1017 1335 1246 1398 relaxat
1294 1335 1390 1397 vel
1450 1333 1653 1396 solvit.
1740 1332 1809 1394 Id
1858 1331 2329 1395 animadvertere
2384 1335 2481 1394 est
2544 1332 2606 1392 in
2652 1347 2807 1394 ava-

865 1441 1006 1502 ritia
1030 1487 1045 1515 ‚
1107 1441 1169 1502 in
1211 1452 1412 1500 amore
1451 1437 1549 1499 sui
1594 1435 1936 1499 inordinato
1992 1435 2149 1498 etin
2187 1436 2336 1498 vitio
2382 1449 2799 1514 quocumque.

865 1543 930 1604 Si
999 1541 1240 1604 tandem
1305 1557 1378 1603 ex
1431 1539 1601 1602 vitiis
1648 1538 1809 1602 bona
1854 1539 2152 1619 quaedam
2199 1540 2261 1600 111
2310 1541 2665 1603 societatem
2708 1539 2807 1600 di-

863 1661 1112 1707 manare
1173 1645 1362 1707 faciat
1407 1658 1609 1705 rerum
1668 1642 1959 1706 fortuitus
2006 1658 2379 1718 concursuS,
2428 1642 2593 1705 bona
2647 1644 2809 1704 haec

866 1748 1154 1811 simulata
1245 1754 1306 1811 et
1369 1746 1616 1810 fallacia
1686 1761 1826 1809 cum
1896 1747 2283 1825 gravissimis
2350 1745 2800 1818 incommodis,

866 1866 1021 1930 quae
1070 1867 1143 1913 ex
1189 1849 1360 1914 vitiis
1403 1865 1512 1927 per
1556 1864 1623 1910 se
1648 1848 1843 1910 fluunt
1884 1847 2146 1911 conferri
2175 1849 2345 1912 nullo
2394 1848 2573 1912 modo
2614 1863 2805 1927 posse

870 1960 1146 2033 apparet.
1229 1955 1548 2015 Praeterea
1635 1966 1825 2030 quum
1871 1951 2105 2014 ordinis
2159 1952 2409 2014 moratis
2459 1952 2796 2030 perversio,

872 2073 1030 2136 quae
1070 2056 1394 2120 comitatur
1437 2060 1613 2119 actus
1660 2055 1973 2118 aratione
2018 2054 2324 2118 difformes
2352 2055 2439 2116 sit
2464 2055 2803 2118 maximum

865 2160 1159 2222 malorum
1224 2160 1527 2222 humanae
1595 2164 1879 2232 naturae;
1962 2158 2119 2220 nihil
2160 2163 2367 2238 potest
2404 2175 2543 2222 esse
2591 2175 2803 2222 revera

873 2263 1044 2338 utile,
1094 2263 1136 2323 i.
1171 2279 1226 2324 6.
1281 2278 1490 2326 verum
1537 2261 1773 2325 homini
1800 2262 2273 2324 emolumentum
2300 2262 2603 2339 adferens,
2640 2265 2802 2343 quod

866 2366 1050 2428 51111111
1092 2380 1213 2428 11011
1258 2365 1442 2429 fuerit
1485 2365 1796 2426 moraliter
1817 2366 2041 2428 honum
2088 2369 2148 2428 et
2200 2367 2547 2430 honestum.
2616 2371 2802 2447 Egre-

866 2469 966 2549 gie
1012 2469 1128 2530 hac
1172 2469 1245 2530 de
1307 2485 1374 2531 re
1431 2468 1681 2530 disserit
1736 2469 2025 2544 TULLIUS,
2098 2473 2221 2549 Leg
2260 2473 2326 2532 L.
2400 2473 2479 2532 II.
2538 2469 2611 2532 de
2661 2471 2793 2534 Offi.

867 2575 933 2634 L.
992 2573 1106 2632 111.
2320 2649 2326 2654 ⁴
2413 2554 2425 2564 “

946 2674 1234 2736 Existunt
1271 2673 1421 2737 adeo
1465 2674 1673 2737 divina
1722 2675 2039 2738 sanctione
2091 2675 2363 2738 munitae
2397 2677 2587 2759 legeS,
2638 2695 2795 2759 quas

865 2796 986 2843 non
1030 2779 1288 2843 condere
1336 2778 1443 2841 sed
1478 2793 1837 2858 agnoscere,
1892 2794 2013 2842 non
2064 2785 2299 2841 mutare
2330 2780 2439 2842 sed
2462 2781 2791 2860 applicare,

865 2898 987 2947 non
1015 2880 1360 2945 rescindere
1407 2879 1516 2944 sed
1566 2882 1916 2957 defendere,
1965 2883 2267 2945 humanae
2304 2886 2627 2962 potestatis
2656 2901 2797 2949 con-

867 2986 1020 3049 ditio
1055 2990 1172 3048 est.
1233 2987 1400 3049 Haec
1429 2989 1633 3047 utrum
1670 3000 1704 3045 a
1734 2988 1861 3047 Deo
1892 2986 1977 3047 sit
2002 2984 2377 3061 deducenda,
2408 2998 2486 3047 an
2508 3003 2544 3049 a
2586 2991 2796 3067 populi

871 3088 1292 3163 conventione,
1313 3088 1633 3166 disputant
1654 3088 2008 3167 philosophi
2032 3089 2307 3152 affectata
2330 3090 2529 3171 magis
2559 3100 2799 3157 conten·

873 3193 1038 3255 tione
1088 3208 1270 3271 quam
1308 3191 1509 3255 fructu
1559 3198 1621 3255 et
1670 3192 1944 3255 veritate.
1992 3198 2137 3255 Non
2167 3200 2260 3255 est
2271 3200 2565 3275 potestas
2592 3196 2733 3259 nisi
2758 3218 2797 3261 a

869 3301 998 3359 Deo
1023 3304 1071 3370 ¹,
1097 3296 1153 3357 si
1178 3300 1506 3374 quaeratur
1535 3295 1609 3357 de
1625 3300 1923 3373 potestate
1936 3295 2257 3374 objectiva,
2278 3312 2431 3375 quae
2452 3297 2527 3359 ab
2552 3305 2797 3366 auctore

871 3404 1124 3462 naturae
1191 3397 1402 3477 procul
1467 3397 1655 3461 dubio
1701 3397 2029 3461 descendat
2072 3414 2335 3463 necesse.
2374 3406 2489 3461 est.
2538 3432 2545 3439 ·
2588 3405 2795 3469 Posita

870 3502 1032 3567 enim
1095 3507 1312 3566 natura
1380 3505 1689 3579 ponuntur
1752 3506 1916 3563 certa
1964 3502 2103 3579 jura
2143 3509 2250 3565 aut
2285 3505 2488 3582 posito
2546 3508 2789 3571 socialis

871 3613 1115 3669 nostrae
1141 3610 1394 3668 naturae
1413 3609 1600 3679 statu,
1626 3610 1789 3668 certa
1818 3607 2139 3690 potestatis
2163 3612 2269 3670 aut
2285 3607 2523 3688 imperii
2546 3626 2783 3689 genera,

871 3724 1034 3788 quae,
1069 3708 1532 3772 considerantur
1568 3709 1765 3771 instar
1794 3708 2055 3787 alicujus
2076 3712 2490 3789 proprietatis,
2519 3729 2672 3792 quae
2684 3731 2787 3777 na—

871 3819 1068 3877 turam
1109 3813 1365 3891 eJ‘usque
1403 3816 1627 3874 statum
1650 3811 2256 3891 sequitui-tamquam
2280 3815 2667 3892 attributum
2720 3835 2787 3883 ac

871 3922 999 3979 tum
1038 3916 1307 3995 quidem,
1351 3915 1405 3976 si
1443 3914 1583 3994 quis
1634 3920 1905 3993 quaerat,
1957 3920 2157 3977 utrum
2196 3932 2231 3977 a
2255 3919 2383 3980 Deo
2408 3920 2492 3980 sit
2517 3921 2666 3983 illud
2689 3922 2783 4000 Jus

869 4021 966 4083 vel
1011 4035 1083 4082 ea
1129 4023 1422 4099 potestas,
1471 4018 1757 4081 similiter
1783 4018 1931 4081 facit
1972 4034 2042 4081 ac
2068 4020 2123 4081 si
2145 4020 2565 4101 interrogaret,
2596 4031 2784 4087 utrum

875 4123 1010 4201 ipsa
1061 4128 1278 4185 natura
1335 4123 1593 4201 ejusque
1630 4126 1827 4185 status
1869 4136 1905 4182 a
1954 4124 2081 4185 Deo
2131 4123 2235 4198 sit,
2284 4140 2360 4187 an
2408 4141 2608 4189 secus.
2682 4132 2780 4192 Po-

941 4330 958 4354 ²
996 4329 1132 4379 Paul.
1163 4330 1222 4379 ad
1252 4332 1391 4379 Rom.
1431 4328 1581 4377 XIII.
