<?xml version="1.0" encoding="UTF-8"?>
<!DOCTYPE html PUBLIC "-//W3C//DTD XHTML 1.0 Transitional//EN"
    "http://www.w3.org/TR/xhtml1/DTD/xhtml1-transitional.dtd">
<html xmlns="http://www.w3.org/1999/xhtml" xml:lang="en" lang="en">
 <head>
  <title>
</title>
<meta http-equiv="Content-Type" content="text/html;charset=utf-8" />
  <meta name='ocr-system' content='tesseract 3.04.00' />
  <meta name='ocr-capabilities' content='ocr_page ocr_carea ocr_par ocr_line ocrx_word'/>
</head>
<body>
  <div class='ocr_page' id='page_1' title='image "./deintimoreligio00suysgoog_0023.png"; bbox 0 0 3128 5476; ppageno 0'>
   <div class='ocr_carea' id='block_1_1' title="bbox 1811 725 1881 784">
    <p class='ocr_par' dir='ltr' id='par_1_1' title="bbox 1811 725 1881 784">
     <span class='ocr_line' id='line_1_1' title="bbox 1811 725 1881 784; baseline 0.014 -1"><span class='ocrx_word' id='word_1_1' title='bbox 1811 725 1881 784; x_wconf 68' lang='lat'><strong>112</strong></span> 
     </span>
    </p>
   </div>
   <div class='ocr_carea' id='block_1_2' title="bbox 882 929 2819 3812">
    <p class='ocr_par' dir='ltr' id='par_1_2' title="bbox 882 929 2819 3812">
     <span class='ocr_line' id='line_1_2' title="bbox 887 929 2817 1012; baseline 0 -18"><span class='ocrx_word' id='word_1_2' title='bbox 887 930 1157 1012; x_wconf 85' lang='lat' dir='ltr'><strong>gentium</strong></span> <span class='ocrx_word' id='word_1_3' title='bbox 1179 930 1504 994; x_wconf 82' lang='lat' dir='ltr'><strong>consensio</strong></span> <span class='ocrx_word' id='word_1_4' title='bbox 1535 936 1650 1004; x_wconf 90' lang='lat' dir='ltr'><strong>est,</strong></span> <span class='ocrx_word' id='word_1_5' title='bbox 1680 931 1741 991; x_wconf 89' lang='lat' dir='ltr'><strong>in</strong></span> <span class='ocrx_word' id='word_1_6' title='bbox 1766 929 2154 992; x_wconf 80' lang='lat' dir='ltr'><strong>admittendis</strong></span> <span class='ocrx_word' id='word_1_7' title='bbox 2182 931 2471 1009; x_wconf 88' lang='lat' dir='ltr'><strong>praemiis</strong></span> <span class='ocrx_word' id='word_1_8' title='bbox 2500 937 2559 994; x_wconf 90' lang='lat' dir='ltr'><strong>et</strong></span> <span class='ocrx_word' id='word_1_9' title='bbox 2587 930 2817 1011; x_wconf 84' lang='lat' dir='ltr'><strong>poenis</strong></span> 
     </span>
     <span class='ocr_line' id='line_1_3' title="bbox 887 1032 2817 1112; baseline 0.001 -16"><span class='ocrx_word' id='word_1_10' title='bbox 887 1034 1138 1098; x_wconf 80' lang='lat' dir='ltr'><strong>alterins</strong></span> <span class='ocrx_word' id='word_1_11' title='bbox 1181 1034 1370 1109; x_wconf 89' lang='lat' dir='ltr'><strong>vitae,</strong></span> <span class='ocrx_word' id='word_1_12' title='bbox 1421 1035 1593 1112; x_wconf 80' lang='lat' dir='ltr'><strong>juxta</strong></span> <span class='ocrx_word' id='word_1_13' title='bbox 1651 1033 1934 1096; x_wconf 89' lang='lat' dir='ltr'><strong>meritum</strong></span> <span class='ocrx_word' id='word_1_14' title='bbox 1966 1033 2060 1096; x_wconf 83' lang='lat' dir='ltr'><strong>vel</strong></span> <span class='ocrx_word' id='word_1_15' title='bbox 2103 1032 2461 1097; x_wconf 88' lang='lat' dir='ltr'><strong>demeritum</strong></span> <span class='ocrx_word' id='word_1_16' title='bbox 2496 1035 2817 1099; x_wconf 89' lang='lat' dir='ltr'><strong>actionum</strong></span> 
     </span>
     <span class='ocr_line' id='line_1_4' title="bbox 885 1137 2814 1217; baseline 0 -17"><span class='ocrx_word' id='word_1_17' title='bbox 885 1138 1044 1200; x_wconf 84' lang='lat' dir='ltr'><strong>vitae</strong></span> <span class='ocrx_word' id='word_1_18' title='bbox 1082 1139 1441 1216; x_wconf 86' lang='lat' dir='ltr'><strong>praesentis.</strong></span> <span class='ocrx_word' id='word_1_19' title='bbox 1530 1141 1876 1212; x_wconf 86' lang='lat' dir='ltr'><strong>Innumera,</strong></span> <span class='ocrx_word' id='word_1_20' title='bbox 1938 1151 2093 1217; x_wconf 86' lang='lat' dir='ltr'><strong>quae</strong></span> <span class='ocrx_word' id='word_1_21' title='bbox 2153 1137 2274 1200; x_wconf 89' lang='lat' dir='ltr'><strong>huc</strong></span> <span class='ocrx_word' id='word_1_22' title='bbox 2329 1142 2609 1216; x_wconf 87' lang='lat' dir='ltr'><strong>spectant</strong></span> <span class='ocrx_word' id='word_1_23' title='bbox 2652 1139 2814 1201; x_wconf 89' lang='lat' dir='ltr'><strong>anti-</strong></span> 
     </span>
     <span class='ocr_line' id='line_1_5' title="bbox 887 1241 2819 1321; baseline -0.001 -17"><span class='ocrx_word' id='word_1_24' title='bbox 887 1256 1144 1321; x_wconf 88' lang='lat' dir='ltr'><strong>quorum</strong></span> <span class='ocrx_word' id='word_1_25' title='bbox 1224 1242 1752 1319; x_wconf 80' lang='lat' dir='ltr'><strong>recentiorumque</strong></span> <span class='ocrx_word' id='word_1_26' title='bbox 1825 1241 2171 1303; x_wconf 89' lang='lat' dir='ltr'><strong>testimonia</strong></span> <span class='ocrx_word' id='word_1_27' title='bbox 2239 1241 2405 1303; x_wconf 90' lang='lat' dir='ltr'><strong>haud</strong></span> <span class='ocrx_word' id='word_1_28' title='bbox 2488 1258 2643 1320; x_wconf 91' lang='lat' dir='ltr'><strong>opus</strong></span> <span class='ocrx_word' id='word_1_29' title='bbox 2710 1249 2819 1306; x_wconf 89' lang='lat' dir='ltr'><strong>est</strong></span> 
     </span>
     <span class='ocr_line' id='line_1_6' title="bbox 887 1342 2815 1423; baseline -0.001 -15"><span class='ocrx_word' id='word_1_30' title='bbox 887 1350 956 1408; x_wconf 90' lang='lat' dir='ltr'><strong>ut</strong></span> <span class='ocrx_word' id='word_1_31' title='bbox 1001 1343 1344 1407; x_wconf 84' lang='lat' dir='ltr'><strong>afferamus.</strong></span> <span class='ocrx_word' id='word_1_32' title='bbox 1393 1342 1627 1423; x_wconf 85' lang='lat' dir='ltr'><strong>Ecquid</strong></span> <span class='ocrx_word' id='word_1_33' title='bbox 1664 1343 1903 1419; x_wconf 88' lang='lat' dir='ltr'><strong>mirum,</strong></span> <span class='ocrx_word' id='word_1_34' title='bbox 1952 1359 2201 1422; x_wconf 81' lang='lat' dir='ltr'><strong>quaeso,</strong></span> <span class='ocrx_word' id='word_1_35' title='bbox 2257 1359 2447 1422; x_wconf 87' lang='lat' dir='ltr'><strong>quum</strong></span> <span class='ocrx_word' id='word_1_36' title='bbox 2491 1360 2604 1408; x_wconf 91' lang='lat' dir='ltr'><strong>nec</strong></span> <span class='ocrx_word' id='word_1_37' title='bbox 2640 1361 2815 1408; x_wconf 88' lang='lat' dir='ltr'><strong>sum-</strong></span> 
     </span>
     <span class='ocr_line' id='line_1_7' title="bbox 883 1446 2815 1528; baseline 0.001 -19"><span class='ocrx_word' id='word_1_38' title='bbox 883 1463 1048 1510; x_wconf 88' lang='lat' dir='ltr'><strong>mum</strong></span> <span class='ocrx_word' id='word_1_39' title='bbox 1087 1447 1316 1510; x_wconf 85' lang='lat' dir='ltr'><strong>bonum</strong></span> <span class='ocrx_word' id='word_1_40' title='bbox 1363 1447 1522 1510; x_wconf 89' lang='lat' dir='ltr'><strong>inter</strong></span> <span class='ocrx_word' id='word_1_41' title='bbox 1568 1452 1865 1528; x_wconf 82' lang='lat' dir='ltr'><strong>angustos</strong></span> <span class='ocrx_word' id='word_1_42' title='bbox 1914 1447 2101 1526; x_wconf 85' lang='lat' dir='ltr'><strong>hujus</strong></span> <span class='ocrx_word' id='word_1_43' title='bbox 2140 1448 2301 1510; x_wconf 90' lang='lat' dir='ltr'><strong>vitae</strong></span> <span class='ocrx_word' id='word_1_44' title='bbox 2350 1446 2617 1510; x_wconf 85' lang='lat' dir='ltr'><strong>ambitus</strong></span> <span class='ocrx_word' id='word_1_45' title='bbox 2662 1463 2815 1510; x_wconf 87' lang='lat' dir='ltr'><strong>con-</strong></span> 
     </span>
     <span class='ocr_line' id='line_1_8' title="bbox 887 1549 2811 1630; baseline -0.002 -15"><span class='ocrx_word' id='word_1_46' title='bbox 887 1551 1011 1629; x_wconf 89' lang='lat' dir='ltr'><strong>cipi</strong></span> <span class='ocrx_word' id='word_1_47' title='bbox 1068 1550 1286 1629; x_wconf 91' lang='lat' dir='ltr'><strong>possit.</strong></span> <span class='ocrx_word' id='word_1_48' title='bbox 1374 1551 1540 1614; x_wconf 91' lang='lat' dir='ltr'><strong>Haec</strong></span> <span class='ocrx_word' id='word_1_49' title='bbox 1600 1551 1787 1626; x_wconf 86' lang='lat' dir='ltr'><strong>enim,</strong></span> <span class='ocrx_word' id='word_1_50' title='bbox 1836 1557 1901 1614; x_wconf 91' lang='lat' dir='ltr'><strong>ut</strong></span> <span class='ocrx_word' id='word_1_51' title='bbox 1952 1552 2079 1630; x_wconf 90' lang='lat' dir='ltr'><strong>jam</strong></span> <span class='ocrx_word' id='word_1_52' title='bbox 2124 1554 2303 1614; x_wconf 88' lang='lat' dir='ltr'><strong>antea</strong></span> <span class='ocrx_word' id='word_1_53' title='bbox 2344 1549 2629 1626; x_wconf 77' lang='lat' dir='ltr'><strong>diximuS,</strong></span> <span class='ocrx_word' id='word_1_54' title='bbox 2682 1551 2811 1613; x_wconf 88' lang='lat' dir='ltr'><strong>sibi</strong></span> 
     </span>
     <span class='ocr_line' id='line_1_9' title="bbox 889 1653 2810 1733; baseline 0 -17"><span class='ocrx_word' id='word_1_55' title='bbox 889 1653 1382 1733; x_wconf 81' lang='lat' dir='ltr'><strong>correspondent.</strong></span> <span class='ocrx_word' id='word_1_56' title='bbox 1507 1657 1703 1728; x_wconf 88' lang='lat' dir='ltr'><strong>Quare</strong></span> <span class='ocrx_word' id='word_1_57' title='bbox 1802 1654 2011 1717; x_wconf 87' lang='lat' dir='ltr'><strong>eadem</strong></span> <span class='ocrx_word' id='word_1_58' title='bbox 2076 1655 2311 1716; x_wconf 91' lang='lat' dir='ltr'><strong>ratione</strong></span> <span class='ocrx_word' id='word_1_59' title='bbox 2370 1659 2431 1717; x_wconf 90' lang='lat' dir='ltr'><strong>et</strong></span> <span class='ocrx_word' id='word_1_60' title='bbox 2499 1653 2559 1716; x_wconf 93' lang='lat' dir='ltr'><strong>id</strong></span> <span class='ocrx_word' id='word_1_61' title='bbox 2624 1653 2810 1717; x_wconf 90' lang='lat' dir='ltr'><strong>nobis</strong></span> 
     </span>
     <span class='ocr_line' id='line_1_10' title="bbox 890 1756 2808 1837; baseline 0.001 -19"><span class='ocrx_word' id='word_1_62' title='bbox 890 1756 1300 1820; x_wconf 88' lang='lat' dir='ltr'><strong>indubitatum</strong></span> <span class='ocrx_word' id='word_1_63' title='bbox 1343 1773 1480 1821; x_wconf 87' lang='lat' dir='ltr'><strong>esse</strong></span> <span class='ocrx_word' id='word_1_64' title='bbox 1546 1757 1746 1834; x_wconf 88' lang='lat' dir='ltr'><strong>debet,</strong></span> <span class='ocrx_word' id='word_1_65' title='bbox 1798 1758 1959 1836; x_wconf 85' lang='lat' dir='ltr'><strong>quod</strong></span> <span class='ocrx_word' id='word_1_66' title='bbox 2002 1758 2477 1837; x_wconf 87' lang='lat' dir='ltr'><strong>perfectissima,</strong></span> <span class='ocrx_word' id='word_1_67' title='bbox 2540 1773 2695 1836; x_wconf 88' lang='lat' dir='ltr'><strong>quae</strong></span> <span class='ocrx_word' id='word_1_68' title='bbox 2744 1758 2808 1819; x_wconf 90' lang='lat' dir='ltr'><strong>in</strong></span> 
     </span>
     <span class='ocr_line' id='line_1_11' title="bbox 886 1860 2811 1942; baseline 0.001 -19"><span class='ocrx_word' id='word_1_69' title='bbox 886 1861 1194 1940; x_wconf 85' lang='lat' dir='ltr'><strong>praesenti</strong></span> <span class='ocrx_word' id='word_1_70' title='bbox 1262 1861 1388 1923; x_wconf 85' lang='lat' dir='ltr'><strong>vita</strong></span> <span class='ocrx_word' id='word_1_71' title='bbox 1456 1860 1717 1924; x_wconf 88' lang='lat' dir='ltr'><strong>obtineri</strong></span> <span class='ocrx_word' id='word_1_72' title='bbox 1786 1863 1989 1941; x_wconf 90' lang='lat' dir='ltr'><strong>possit</strong></span> <span class='ocrx_word' id='word_1_73' title='bbox 2050 1862 2350 1937; x_wconf 77' lang='lat' dir='ltr'><strong>felicita5‚</strong></span> <span class='ocrx_word' id='word_1_74' title='bbox 2404 1863 2464 1923; x_wconf 90' lang='lat' dir='ltr'><strong>in</strong></span> <span class='ocrx_word' id='word_1_75' title='bbox 2504 1862 2811 1942; x_wconf 85' lang='lat' dir='ltr'><strong>legisseu</strong></span> 
     </span>
     <span class='ocr_line' id='line_1_12' title="bbox 887 1963 2811 2029; baseline -0.001 -1"><span class='ocrx_word' id='word_1_76' title='bbox 887 1963 1121 2028; x_wconf 86' lang='lat' dir='ltr'><strong>ordinis</strong></span> <span class='ocrx_word' id='word_1_77' title='bbox 1175 1964 1426 2027; x_wconf 89' lang='lat' dir='ltr'><strong>moralis</strong></span> <span class='ocrx_word' id='word_1_78' title='bbox 1465 1964 1853 2029; x_wconf 85' lang='lat' dir='ltr'><strong>observantia</strong></span> <span class='ocrx_word' id='word_1_79' title='bbox 1894 1967 2195 2029; x_wconf 89' lang='lat' dir='ltr'><strong>consistat</strong></span> <span class='ocrx_word' id='word_1_80' title='bbox 2241 1965 2467 2027; x_wconf 88' lang='lat' dir='ltr'><strong>intuitu</strong></span> <span class='ocrx_word' id='word_1_81' title='bbox 2521 1965 2811 2028; x_wconf 88' lang='lat' dir='ltr'><strong>nimirum</strong></span> 
     </span>
     <span class='ocr_line' id='line_1_13' title="bbox 888 2066 2814 2147; baseline 0.001 -17"><span class='ocrx_word' id='word_1_82' title='bbox 888 2067 1108 2130; x_wconf 88' lang='lat' dir='ltr'><strong>summi</strong></span> <span class='ocrx_word' id='word_1_83' title='bbox 1158 2066 1304 2130; x_wconf 91' lang='lat' dir='ltr'><strong>boni</strong></span> <span class='ocrx_word' id='word_1_84' title='bbox 1358 2069 1616 2147; x_wconf 90' lang='lat' dir='ltr'><strong>posthac</strong></span> <span class='ocrx_word' id='word_1_85' title='bbox 1664 2068 2003 2133; x_wconf 87' lang='lat' dir='ltr'><strong>obventuri.</strong></span> <span class='ocrx_word' id='word_1_86' title='bbox 2050 2071 2120 2132; x_wconf 90' lang='lat' dir='ltr'><strong>In</strong></span> <span class='ocrx_word' id='word_1_87' title='bbox 2177 2069 2347 2132; x_wconf 89' lang='lat' dir='ltr'><strong>hisce</strong></span> <span class='ocrx_word' id='word_1_88' title='bbox 2394 2072 2667 2133; x_wconf 71' lang='grc' dir='ltr'><strong>ΡιΑΤοΝΙ</strong></span> <span class='ocrx_word' id='word_1_89' title='bbox 2716 2084 2814 2132; x_wconf 86' lang='lat' dir='ltr'><strong>ac-</strong></span> 
     </span>
     <span class='ocr_line' id='line_1_14' title="bbox 886 2172 2811 2254; baseline 0.001 -18"><span class='ocrx_word' id='word_1_90' title='bbox 886 2172 1097 2236; x_wconf 89' lang='lat' dir='ltr'><strong>cedere</strong></span> <span class='ocrx_word' id='word_1_91' title='bbox 1140 2172 1474 2251; x_wconf 87' lang='lat' dir='ltr'><strong>optabilius</strong></span> <span class='ocrx_word' id='word_1_92' title='bbox 1515 2189 1674 2249; x_wconf 90' lang='lat' dir='ltr'><strong>esse,</strong></span> <span class='ocrx_word' id='word_1_93' title='bbox 1728 2174 1869 2254; x_wconf 89' lang='lat' dir='ltr'><strong>quis</strong></span> <span class='ocrx_word' id='word_1_94' title='bbox 1897 2189 2019 2237; x_wconf 90' lang='lat' dir='ltr'><strong>non</strong></span> <span class='ocrx_word' id='word_1_95' title='bbox 2048 2173 2251 2250; x_wconf 89' lang='lat' dir='ltr'><strong>ducat,</strong></span> <span class='ocrx_word' id='word_1_96' title='bbox 2286 2190 2469 2254; x_wconf 89' lang='lat' dir='ltr'><strong>quam</strong></span> <span class='ocrx_word' id='word_1_97' title='bbox 2499 2174 2811 2238; x_wconf 83' lang='lat' dir='ltr'><strong>hodiernis</strong></span> 
     </span>
     <span class='ocr_line' id='line_1_15' title="bbox 887 2275 2812 2357; baseline 0.001 -19"><span class='ocrx_word' id='word_1_98' title='bbox 887 2275 1276 2356; x_wconf 87' lang='lat' dir='ltr'><strong>quibusdam,</strong></span> <span class='ocrx_word' id='word_1_99' title='bbox 1333 2277 1439 2357; x_wconf 89' lang='lat' dir='ltr'><strong>qui</strong></span> <span class='ocrx_word' id='word_1_100' title='bbox 1483 2277 1827 2342; x_wconf 88' lang='lat' dir='ltr'><strong>libertatem</strong></span> <span class='ocrx_word' id='word_1_101' title='bbox 1886 2279 1948 2340; x_wconf 91' lang='lat' dir='ltr'><strong>in</strong></span> <span class='ocrx_word' id='word_1_102' title='bbox 2003 2277 2320 2341; x_wconf 88' lang='lat' dir='ltr'><strong>libidinem</strong></span> <span class='ocrx_word' id='word_1_103' title='bbox 2382 2285 2443 2342; x_wconf 91' lang='lat' dir='ltr'><strong>et</strong></span> <span class='ocrx_word' id='word_1_104' title='bbox 2502 2278 2812 2342; x_wconf 84' lang='lat' dir='ltr'><strong>licentiam</strong></span> 
     </span>
     <span class='ocr_line' id='line_1_16' title="bbox 888 2379 2809 2463; baseline 0 -19"><span class='ocrx_word' id='word_1_105' title='bbox 888 2379 1290 2445; x_wconf 85' lang='lat' dir='ltr'><strong>convertendo</strong></span> <span class='ocrx_word' id='word_1_106' title='bbox 1319 2380 1717 2444; x_wconf 86' lang='lat' dir='ltr'><strong>delectantur.</strong></span> <span class='ocrx_word' id='word_1_107' title='bbox 1771 2381 1923 2456; x_wconf 89' lang='lat' dir='ltr'><strong>Quis</strong></span> <span class='ocrx_word' id='word_1_108' title='bbox 1951 2387 2047 2444; x_wconf 90' lang='lat' dir='ltr'><strong>est</strong></span> <span class='ocrx_word' id='word_1_109' title='bbox 2078 2397 2330 2462; x_wconf 87' lang='lat' dir='ltr'><strong>quaes0‚</strong></span> <span class='ocrx_word' id='word_1_110' title='bbox 2365 2383 2471 2463; x_wconf 88' lang='lat' dir='ltr'><strong>qui</strong></span> <span class='ocrx_word' id='word_1_111' title='bbox 2492 2382 2635 2444; x_wconf 82' lang='lat' dir='ltr'><strong>dum</strong></span> <span class='ocrx_word' id='word_1_112' title='bbox 2654 2382 2809 2462; x_wconf 69' lang='lat' dir='ltr'><strong>joon-</strong></span> 
     </span>
     <span class='ocr_line' id='line_1_17' title="bbox 885 2482 2809 2566; baseline 0 -18"><span class='ocrx_word' id='word_1_113' title='bbox 885 2484 1199 2548; x_wconf 87' lang='lat' dir='ltr'><strong>venienter</strong></span> <span class='ocrx_word' id='word_1_114' title='bbox 1259 2482 1334 2546; x_wconf 93' lang='lat' dir='ltr'><strong>ad</strong></span> <span class='ocrx_word' id='word_1_115' title='bbox 1385 2484 1583 2564; x_wconf 84' lang='lat' dir='ltr'><strong>legem</strong></span> <span class='ocrx_word' id='word_1_116' title='bbox 1636 2489 1889 2549; x_wconf 89' lang='lat' dir='ltr'><strong>naturae</strong></span> <span class='ocrx_word' id='word_1_117' title='bbox 1954 2485 2083 2566; x_wconf 82' lang='lat' dir='ltr'><strong>agit</strong></span> <span class='ocrx_word' id='word_1_118' title='bbox 2139 2492 2246 2548; x_wconf 89' lang='lat' dir='ltr'><strong>aut</strong></span> <span class='ocrx_word' id='word_1_119' title='bbox 2305 2491 2465 2550; x_wconf 90' lang='lat' dir='ltr'><strong>recte</strong></span> <span class='ocrx_word' id='word_1_120' title='bbox 2512 2486 2809 2550; x_wconf 87' lang='lat' dir='ltr'><strong>factorum</strong></span> 
     </span>
     <span class='ocr_line' id='line_1_18' title="bbox 886 2586 2810 2670; baseline 0 -19"><span class='ocrx_word' id='word_1_121' title='bbox 886 2586 1256 2662; x_wconf 86' lang='lat' dir='ltr'><strong>recordatur,</strong></span> <span class='ocrx_word' id='word_1_122' title='bbox 1292 2603 1415 2662; x_wconf 81' lang='lat' dir='ltr'><strong>non</strong></span> <span class='ocrx_word' id='word_1_123' title='bbox 1465 2603 1715 2651; x_wconf 86' lang='lat' dir='ltr'><strong>suavem</strong></span> <span class='ocrx_word' id='word_1_124' title='bbox 1761 2588 1824 2650; x_wconf 90' lang='lat' dir='ltr'><strong>in</strong></span> <span class='ocrx_word' id='word_1_125' title='bbox 1870 2603 1937 2651; x_wconf 94' lang='lat' dir='ltr'><strong>se</strong></span> <span class='ocrx_word' id='word_1_126' title='bbox 1974 2589 2281 2668; x_wconf 87' lang='lat' dir='ltr'><strong>experitur</strong></span> <span class='ocrx_word' id='word_1_127' title='bbox 2302 2590 2810 2670; x_wconf 86' lang='lat' dir='ltr'><strong>tranquillitatem</strong></span> 
     </span>
     <span class='ocr_line' id='line_1_19' title="bbox 885 2691 2807 2775; baseline 0.002 -20"><span class='ocrx_word' id='word_1_128' title='bbox 885 2696 946 2755; x_wconf 91' lang='lat' dir='ltr'><strong>et</strong></span> <span class='ocrx_word' id='word_1_129' title='bbox 995 2691 1397 2771; x_wconf 82' lang='lat' dir='ltr'><strong>voluptatem3</strong></span> <span class='ocrx_word' id='word_1_130' title='bbox 1455 2697 1666 2757; x_wconf 93' lang='lat' dir='ltr'><strong>contra</strong></span> <span class='ocrx_word' id='word_1_131' title='bbox 1711 2692 1818 2774; x_wconf 86' lang='lat' dir='ltr'><strong>qui</strong></span> <span class='ocrx_word' id='word_1_132' title='bbox 1860 2708 2139 2773; x_wconf 88' lang='lat' dir='ltr'><strong>perverse</strong></span> <span class='ocrx_word' id='word_1_133' title='bbox 2195 2698 2385 2775; x_wconf 83' lang='lat' dir='ltr'><strong>agunt</strong></span> <span class='ocrx_word' id='word_1_134' title='bbox 2406 2699 2509 2757; x_wconf 83' lang='lat' dir='ltr'><strong>aut</strong></span> <span class='ocrx_word' id='word_1_135' title='bbox 2529 2711 2807 2775; x_wconf 88' lang='lat' dir='ltr'><strong>perverse</strong></span> 
     </span>
     <span class='ocr_line' id='line_1_20' title="bbox 889 2796 2807 2880; baseline 0.003 -22"><span class='ocrx_word' id='word_1_136' title='bbox 889 2802 1162 2861; x_wconf 88' lang='lat' dir='ltr'><strong>actorum</strong></span> <span class='ocrx_word' id='word_1_137' title='bbox 1223 2796 1641 2861; x_wconf 86' lang='lat' dir='ltr'><strong>recordatione</strong></span> <span class='ocrx_word' id='word_1_138' title='bbox 1696 2803 1998 2875; x_wconf 88' lang='lat' dir='ltr'><strong>tenentur,</strong></span> <span class='ocrx_word' id='word_1_139' title='bbox 2048 2814 2247 2863; x_wconf 90' lang='lat' dir='ltr'><strong>nonne</strong></span> <span class='ocrx_word' id='word_1_140' title='bbox 2286 2800 2644 2880; x_wconf 87' lang='lat' dir='ltr'><strong>plerumque</strong></span> <span class='ocrx_word' id='word_1_141' title='bbox 2686 2802 2807 2864; x_wconf 90' lang='lat' dir='ltr'><strong>sol-</strong></span> 
     </span>
     <span class='ocr_line' id='line_1_21' title="bbox 885 2899 2807 2975; baseline 0.003 -14"><span class='ocrx_word' id='word_1_142' title='bbox 885 2899 1205 2964; x_wconf 89' lang='lat' dir='ltr'><strong>licitudine</strong></span> <span class='ocrx_word' id='word_1_143' title='bbox 1245 2900 1587 2975; x_wconf 85' lang='lat' dir='ltr'><strong>turbantur,</strong></span> <span class='ocrx_word' id='word_1_144' title='bbox 1641 2902 2039 2965; x_wconf 89' lang='lat' dir='ltr'><strong>remordentis</strong></span> <span class='ocrx_word' id='word_1_145' title='bbox 2082 2903 2491 2967; x_wconf 86' lang='lat' dir='ltr'><strong>conscientiae</strong></span> <span class='ocrx_word' id='word_1_146' title='bbox 2541 2904 2807 2967; x_wconf 87' lang='lat' dir='ltr'><strong>stimulis</strong></span> 
     </span>
     <span class='ocr_line' id='line_1_22' title="bbox 886 3004 2803 3087; baseline 0.002 -21"><span class='ocrx_word' id='word_1_147' title='bbox 886 3008 1368 3079; x_wconf 87' lang='lat' dir='ltr'><strong>commoventur,</strong></span> <span class='ocrx_word' id='word_1_148' title='bbox 1439 3004 1629 3069; x_wconf 88' lang='lat' dir='ltr'><strong>variis</strong></span> <span class='ocrx_word' id='word_1_149' title='bbox 1702 3004 1963 3086; x_wconf 89' lang='lat' dir='ltr'><strong>denique</strong></span> <span class='ocrx_word' id='word_1_150' title='bbox 2025 3008 2330 3087; x_wconf 82' lang='lat' dir='ltr'><strong>angustiis</strong></span> <span class='ocrx_word' id='word_1_151' title='bbox 2397 3007 2803 3071; x_wconf 82' lang='lat' dir='ltr'><strong>divexantur‘?</strong></span> 
     </span>
     <span class='ocr_line' id='line_1_23' title="bbox 884 3108 2803 3191; baseline 0.004 -22"><span class='ocrx_word' id='word_1_152' title='bbox 884 3109 1072 3182; x_wconf 90' lang='lat' dir='ltr'><strong>Haec,</strong></span> <span class='ocrx_word' id='word_1_153' title='bbox 1147 3123 1304 3187; x_wconf 86' lang='lat' dir='ltr'><strong>quae</strong></span> <span class='ocrx_word' id='word_1_154' title='bbox 1349 3108 1682 3187; x_wconf 81' lang='lat' dir='ltr'><strong>qu‘uslibet</strong></span> <span class='ocrx_word' id='word_1_155' title='bbox 1728 3110 2100 3189; x_wconf 87' lang='lat' dir='ltr'><strong>experientia</strong></span> <span class='ocrx_word' id='word_1_156' title='bbox 2141 3115 2453 3186; x_wconf 86' lang='lat' dir='ltr'><strong>constant,</strong></span> <span class='ocrx_word' id='word_1_157' title='bbox 2498 3113 2803 3191; x_wconf 88' lang='lat' dir='ltr'><strong>praeclare</strong></span> 
     </span>
     <span class='ocr_line' id='line_1_24' title="bbox 883 3210 2794 3293; baseline 0.004 -22"><span class='ocrx_word' id='word_1_158' title='bbox 883 3210 1208 3274; x_wconf 89' lang='lat' dir='ltr'><strong>nobiscum</strong></span> <span class='ocrx_word' id='word_1_159' title='bbox 1276 3217 1560 3275; x_wconf 85' lang='lat' dir='ltr'><strong>asserunt</strong></span> <span class='ocrx_word' id='word_1_160' title='bbox 1620 3215 1936 3289; x_wconf 66' lang='lat' dir='ltr'><strong>Turnus,</strong></span> <span class='ocrx_word' id='word_1_161' title='bbox 2020 3216 2399 3288; x_wconf 75' lang='lat' dir='ltr'><strong>annnrms,</strong></span> <span class='ocrx_word' id='word_1_162' title='bbox 2480 3217 2794 3293; x_wconf 75' lang='lat' dir='ltr'><strong>LUCANUS,</strong></span> 
     </span>
     <span class='ocr_line' id='line_1_25' title="bbox 884 3314 2801 3399; baseline 0.004 -24"><span class='ocrx_word' id='word_1_163' title='bbox 884 3314 1124 3377; x_wconf 74' lang='lat' dir='ltr'>SENECA</span> <span class='ocrx_word' id='word_1_164' title='bbox 1165 3319 1228 3377; x_wconf 89' lang='lat' dir='ltr'><strong>et</strong></span> <span class='ocrx_word' id='word_1_165' title='bbox 1280 3314 1442 3394; x_wconf 88' lang='lat' dir='ltr'><strong>quod</strong></span> <span class='ocrx_word' id='word_1_166' title='bbox 1477 3315 1675 3395; x_wconf 81' lang='lat' dir='ltr'><strong>magis</strong></span> <span class='ocrx_word' id='word_1_167' title='bbox 1714 3321 1810 3379; x_wconf 88' lang='lat' dir='ltr'><strong>est</strong></span> <span class='ocrx_word' id='word_1_168' title='bbox 1848 3319 2160 3379; x_wconf 77' lang='lat' dir='ltr'><strong>Errcunus</strong></span> <span class='ocrx_word' id='word_1_169' title='bbox 2218 3318 2371 3397; x_wconf 90' lang='lat' dir='ltr'><strong>ipse,</strong></span> <span class='ocrx_word' id='word_1_170' title='bbox 2425 3318 2499 3381; x_wconf 90' lang='lat' dir='ltr'><strong>de</strong></span> <span class='ocrx_word' id='word_1_171' title='bbox 2536 3335 2657 3399; x_wconf 89' lang='lat' dir='ltr'><strong>quo</strong></span> <span class='ocrx_word' id='word_1_172' title='bbox 2714 3322 2801 3384; x_wconf 92' lang='lat' dir='ltr'><strong>sic</strong></span> 
     </span>
     <span class='ocr_line' id='line_1_26' title="bbox 882 3416 2797 3503; baseline 0.003 -24"><span class='ocrx_word' id='word_1_173' title='bbox 882 3416 1161 3496; x_wconf 89' lang='lat' dir='ltr'><strong>perhibet</strong></span> <span class='ocrx_word' id='word_1_174' title='bbox 1201 3419 1443 3481; x_wconf 80' lang='lat' dir='ltr'>SENECA</span> <span class='ocrx_word' id='word_1_175' title='bbox 1465 3438 1486 3487; x_wconf 71' lang='lat'><strong>,-</strong></span> <span class='ocrx_word' id='word_1_176' title='bbox 1519 3417 1705 3481; x_wconf 90' lang='lat' dir='ltr'><strong>«Illic</strong></span> <span class='ocrx_word' id='word_1_177' title='bbox 1742 3418 2179 3483; x_wconf 89' lang='lat' dir='ltr'><strong>dissentiamus</strong></span> <span class='ocrx_word' id='word_1_178' title='bbox 2223 3438 2361 3485; x_wconf 92' lang='lat' dir='ltr'><strong>cum</strong></span> <span class='ocrx_word' id='word_1_179' title='bbox 2414 3423 2675 3503; x_wconf 87' lang='lat' dir='ltr'><strong>Epicuro</strong></span> <span class='ocrx_word' id='word_1_180' title='bbox 2698 3423 2797 3485; x_wconf 90' lang='lat' dir='ltr'><strong>ubi</strong></span> 
     </span>
     <span class='ocr_line' id='line_1_27' title="bbox 887 3522 2799 3602; baseline 0.005 -23"><span class='ocrx_word' id='word_1_181' title='bbox 887 3522 1085 3586; x_wconf 79' lang='lat' dir='ltr'><strong>»dicit</strong></span> <span class='ocrx_word' id='word_1_182' title='bbox 1151 3522 1308 3585; x_wconf 89' lang='lat' dir='ltr'><strong>nihil</strong></span> <span class='ocrx_word' id='word_1_183' title='bbox 1372 3522 1607 3602; x_wconf 84' lang='lat' dir='ltr'><strong>jnstum</strong></span> <span class='ocrx_word' id='word_1_184' title='bbox 1683 3538 1819 3587; x_wconf 88' lang='lat' dir='ltr'><strong>esse</strong></span> <span class='ocrx_word' id='word_1_185' title='bbox 1889 3530 2105 3586; x_wconf 86' lang='lat' dir='ltr'><strong>natura</strong></span> <span class='ocrx_word' id='word_1_186' title='bbox 2152 3529 2213 3587; x_wconf 87' lang='lat' dir='ltr'><strong>et</strong></span> <span class='ocrx_word' id='word_1_187' title='bbox 2260 3525 2514 3588; x_wconf 85' lang='lat' dir='ltr'><strong>crimina</strong></span> <span class='ocrx_word' id='word_1_188' title='bbox 2553 3527 2799 3589; x_wconf 86' lang='lat' dir='ltr'><strong>vitanda</strong></span> 
     </span>
     <span class='ocr_line' id='line_1_28' title="bbox 887 3626 2797 3709; baseline 0.004 -24"><span class='ocrx_word' id='word_1_189' title='bbox 887 3641 1098 3703; x_wconf 82' lang='lat' dir='ltr'><strong>»esse,</strong></span> <span class='ocrx_word' id='word_1_190' title='bbox 1155 3627 1301 3706; x_wconf 86' lang='lat' dir='ltr'><strong>quia</strong></span> <span class='ocrx_word' id='word_1_191' title='bbox 1333 3626 1514 3689; x_wconf 89' lang='lat' dir='ltr'><strong>vitari</strong></span> <span class='ocrx_word' id='word_1_192' title='bbox 1555 3631 1751 3690; x_wconf 86' lang='lat' dir='ltr'><strong>metus</strong></span> <span class='ocrx_word' id='word_1_193' title='bbox 1792 3642 1912 3691; x_wconf 90' lang='lat' dir='ltr'><strong>non</strong></span> <span class='ocrx_word' id='word_1_194' title='bbox 1934 3627 2156 3709; x_wconf 89' lang='lat' dir='ltr'><strong>possit.</strong></span> <span class='ocrx_word' id='word_1_195' title='bbox 2204 3627 2321 3691; x_wconf 92' lang='lat' dir='ltr'><strong>Hic</strong></span> <span class='ocrx_word' id='word_1_196' title='bbox 2350 3630 2797 3693; x_wconf 88' lang='lat' dir='ltr'><strong>consentiamus</strong></span> 
     </span>
     <span class='ocr_line' id='line_1_29' title="bbox 887 3729 2797 3812; baseline 0.005 -26"><span class='ocrx_word' id='word_1_197' title='bbox 887 3730 1089 3792; x_wconf 88' lang='lat' dir='ltr'><strong>»mala</strong></span> <span class='ocrx_word' id='word_1_198' title='bbox 1124 3729 1420 3795; x_wconf 86' lang='lat' dir='ltr'><strong>·facinora</strong></span> <span class='ocrx_word' id='word_1_199' title='bbox 1481 3731 1860 3795; x_wconf 88' lang='lat' dir='ltr'><strong>conscientia</strong></span> <span class='ocrx_word' id='word_1_200' title='bbox 1930 3730 2219 3810; x_wconf 84' lang='lat' dir='ltr'><strong>flagellari</strong></span> <span class='ocrx_word' id='word_1_201' title='bbox 2278 3736 2339 3793; x_wconf 89' lang='lat' dir='ltr'><strong>et</strong></span> <span class='ocrx_word' id='word_1_202' title='bbox 2390 3733 2650 3812; x_wconf 86' lang='lat' dir='ltr'><strong>plurima</strong></span> <span class='ocrx_word' id='word_1_203' title='bbox 2710 3733 2797 3795; x_wconf 92' lang='lat' dir='ltr'><strong>illi</strong></span> 
     </span>
    </p>
   </div>
   <div class='ocr_carea' id='block_1_3' title="bbox 843 3834 2798 3915">
    <p class='ocr_par' dir='ltr' id='par_1_3' title="bbox 843 3834 2798 3915">
     <span class='ocr_line' id='line_1_30' title="bbox 843 3834 2798 3915; baseline 0.005 -26"><span class='ocrx_word' id='word_1_204' title='bbox 843 3893 852 3901; x_wconf 66' lang='lat'><strong>,</strong></span> <span class='ocrx_word' id='word_1_205' title='bbox 887 3839 1372 3898; x_wconf 82' lang='lat' dir='ltr'><strong>»tormentorum</strong></span> <span class='ocrx_word' id='word_1_206' title='bbox 1413 3850 1575 3910; x_wconf 90' lang='lat' dir='ltr'><strong>esse,</strong></span> <span class='ocrx_word' id='word_1_207' title='bbox 1632 3850 1703 3898; x_wconf 88' lang='lat' dir='ltr'><strong>eo</strong></span> <span class='ocrx_word' id='word_1_208' title='bbox 1746 3834 1907 3915; x_wconf 87' lang='lat' dir='ltr'><strong>quod</strong></span> <span class='ocrx_word' id='word_1_209' title='bbox 1930 3838 2220 3913; x_wconf 87' lang='lat' dir='ltr'><strong>perpetua</strong></span> <span class='ocrx_word' id='word_1_210' title='bbox 2255 3834 2419 3896; x_wconf 89' lang='lat' dir='ltr'><strong>illam</strong></span> <span class='ocrx_word' id='word_1_211' title='bbox 2454 3836 2798 3899; x_wconf 89' lang='lat' dir='ltr'><strong>sollicitudo</strong></span> 
     </span>
    </p>
   </div>
   <div class='ocr_carea' id='block_1_4' title="bbox 885 3928 2798 4432">
    <p class='ocr_par' dir='ltr' id='par_1_4' title="bbox 885 3928 2798 4432">
     <span class='ocr_line' id='line_1_31' title="bbox 886 3928 2797 4018; baseline 0.005 -24"><span class='ocrx_word' id='word_1_212' title='bbox 886 3943 1108 4018; x_wconf 82' lang='lat' dir='ltr'><strong>»urget</strong></span> <span class='ocrx_word' id='word_1_213' title='bbox 1159 3953 1231 4001; x_wconf 91' lang='lat' dir='ltr'><strong>ac</strong></span> <span class='ocrx_word' id='word_1_214' title='bbox 1273 3938 1588 4014; x_wconf 87' lang='lat' dir='ltr'><strong>verberat,</strong></span> <span class='ocrx_word' id='word_1_215' title='bbox 1634 3937 1795 4018; x_wconf 86' lang='lat' dir='ltr'><strong>quod</strong></span> <span class='ocrx_word' id='word_1_216' title='bbox 1838 3938 2242 4017; x_wconf 90' lang='lat' dir='ltr'><strong>sponsoribus</strong></span> <span class='ocrx_word' id='word_1_217' title='bbox 2272 3938 2621 4002; x_wconf 87' lang='lat' dir='ltr'><strong>securitatis</strong></span> <span class='ocrx_word' id='word_1_218' title='bbox 2644 3928 2797 4003; x_wconf 59' lang='lat' dir='ltr'><strong>&#39;snae</strong></span> 
     </span>
     <span class='ocr_line' id='line_1_32' title="bbox 886 4041 2797 4123; baseline 0.004 -26"><span class='ocrx_word' id='word_1_219' title='bbox 886 4056 1057 4104; x_wconf 82' lang='lat' dir='ltr'><strong>»non</strong></span> <span class='ocrx_word' id='word_1_220' title='bbox 1114 4046 1317 4121; x_wconf 88' lang='lat' dir='ltr'><strong>potest</strong></span> <span class='ocrx_word' id='word_1_221' title='bbox 1379 4041 1641 4106; x_wconf 88' lang='lat' dir='ltr'><strong>credere.</strong></span> <span class='ocrx_word' id='word_1_222' title='bbox 1728 4044 1861 4105; x_wconf 89' lang='lat' dir='ltr'><strong>Hoc</strong></span> <span class='ocrx_word' id='word_1_223' title='bbox 1908 4042 2069 4105; x_wconf 90' lang='lat' dir='ltr'><strong>enim</strong></span> <span class='ocrx_word' id='word_1_224' title='bbox 2122 4042 2323 4121; x_wconf 89' lang='lat' dir='ltr'><strong>ipsum</strong></span> <span class='ocrx_word' id='word_1_225' title='bbox 2382 4048 2797 4123; x_wconf 79' lang='lat' dir='ltr'><strong>argumentum</strong></span> 
     </span>
     <span class='ocr_line' id='line_1_33' title="bbox 885 4144 2798 4228; baseline 0.005 -28"><span class='ocrx_word' id='word_1_226' title='bbox 885 4144 1184 4224; x_wconf 79' lang='lat' dir='ltr'><strong>»Epicuri</strong></span> <span class='ocrx_word' id='word_1_227' title='bbox 1224 4149 1340 4221; x_wconf 90' lang='lat' dir='ltr'><strong>est,</strong></span> <span class='ocrx_word' id='word_1_228' title='bbox 1387 4150 1603 4209; x_wconf 89' lang='lat' dir='ltr'><strong>natura</strong></span> <span class='ocrx_word' id='word_1_229' title='bbox 1662 4160 1775 4207; x_wconf 91' lang='lat' dir='ltr'><strong>nos</strong></span> <span class='ocrx_word' id='word_1_230' title='bbox 1840 4161 1875 4206; x_wconf 94' lang='lat' dir='ltr'><strong>a</strong></span> <span class='ocrx_word' id='word_1_231' title='bbox 1934 4145 2158 4208; x_wconf 86' lang='lat' dir='ltr'><strong>scelere</strong></span> <span class='ocrx_word' id='word_1_232' title='bbox 2235 4146 2579 4221; x_wconf 86' lang='lat' dir='ltr'><strong>abhorrere,</strong></span> <span class='ocrx_word' id='word_1_233' title='bbox 2644 4148 2798 4228; x_wconf 87' lang='lat' dir='ltr'><strong>quod</strong></span> 
     </span>
     <span class='ocr_line' id='line_1_34' title="bbox 887 4248 2797 4314; baseline 0.003 -9"><span class='ocrx_word' id='word_1_234' title='bbox 887 4248 1086 4311; x_wconf 81' lang='lat' dir='ltr'><strong>»nulli</strong></span> <span class='ocrx_word' id='word_1_235' title='bbox 1149 4264 1275 4314; x_wconf 92' lang='lat' dir='ltr'><strong>non</strong></span> <span class='ocrx_word' id='word_1_236' title='bbox 1339 4250 1522 4312; x_wconf 89' lang='lat' dir='ltr'><strong>etiam</strong></span> <span class='ocrx_word' id='word_1_237' title='bbox 1579 4249 1733 4311; x_wconf 90' lang='lat' dir='ltr'><strong>inter</strong></span> <span class='ocrx_word' id='word_1_238' title='bbox 1780 4254 1907 4311; x_wconf 87' lang='lat' dir='ltr'><strong>tuta</strong></span> <span class='ocrx_word' id='word_1_239' title='bbox 1960 4250 2141 4313; x_wconf 88' lang='lat' dir='ltr'><strong>timor</strong></span> <span class='ocrx_word' id='word_1_240' title='bbox 2198 4255 2312 4313; x_wconf 89' lang='lat' dir='ltr'><strong>est.</strong></span> <span class='ocrx_word' id='word_1_241' title='bbox 2400 4250 2624 4314; x_wconf 90' lang='lat' dir='ltr'><strong>Multos</strong></span> <span class='ocrx_word' id='word_1_242' title='bbox 2682 4250 2797 4314; x_wconf 87' lang='lat' dir='ltr'><strong>for-</strong></span> 
     </span>
     <span class='ocr_line' id='line_1_35' title="bbox 888 4350 2795 4432; baseline 0.003 -23"><span class='ocrx_word' id='word_1_243' title='bbox 888 4357 1083 4415; x_wconf 87' lang='lat' dir='ltr'><strong>»tuna</strong></span> <span class='ocrx_word' id='word_1_244' title='bbox 1150 4353 1370 4417; x_wconf 88' lang='lat' dir='ltr'><strong>liberat</strong></span> <span class='ocrx_word' id='word_1_245' title='bbox 1416 4368 1648 4432; x_wconf 86' lang='lat' dir='ltr'><strong>poena,</strong></span> <span class='ocrx_word' id='word_1_246' title='bbox 1698 4357 1862 4417; x_wconf 89' lang='lat' dir='ltr'><strong>metu</strong></span> <span class='ocrx_word' id='word_1_247' title='bbox 1914 4354 2229 4418; x_wconf 91' lang='lat' dir='ltr'><strong>neminem.</strong></span> <span class='ocrx_word' id='word_1_248' title='bbox 2321 4350 2599 4429; x_wconf 77' lang='lat' dir='ltr'><strong>Quare‘?&#39;</strong></span> <span class='ocrx_word' id='word_1_249' title='bbox 2646 4354 2795 4427; x_wconf 84' lang='lat' dir='ltr'><strong>Quia</strong></span> 
     </span>
    </p>
   </div>
   <div class='ocr_carea' id='block_1_5' title="bbox 3012 889 3028 3721">
    <p class='ocr_par' dir='ltr' id='par_1_5' title="bbox 3012 889 3028 3721">
     <span class='ocr_line' id='line_1_36' title="bbox 3012 889 3028 3721; baseline 0 0"><span class='ocrx_word' id='word_1_250' title='bbox 3012 889 3028 3721; x_wconf 95' lang='lat' dir='ltr'><strong> </strong></span> 
     </span>
    </p>
   </div>
  </div>
 </body>
</html>
