3128 5476
1914 715 1949 770 6

971 916 1043 980 de
1081 917 1411 980 intrinseco
1454 917 1612 980 inter
1658 917 1882 980 bonum
1926 922 1986 980 et
2026 917 2251 980 malum
2288 915 2514 978 morale
2535 915 2937 978 discrimine

973 1019 1330 1084 admittitur.
1419 1019 1641 1082 «Nihil
1702 1025 1797 1082 est
1860 1019 2130 1098 profecto
2178 1019 2635 1098 praestabilius,
2697 1023 2769 1082 ut
2810 1019 2943 1080 ait

971 1125 1272 1199 »Cianum
1333 1137 1512 1202 quam
1580 1123 1759 1202 plane
1806 1122 2089 1204 intelligi,
2139 1138 2253 1186 nos
2298 1121 2375 1184 ad
2404 1122 2711 1200 justitiam
2752 1137 2933 1186 esse

971 1232 1200 1290 »natos
1259 1242 1456 1305 neque
1513 1227 1801 1306 opinione
1861 1226 1969 1289 sed
2031 1230 2247 1288 natura
2309 1225 2711 1288 constitutum
2752 1240 2933 1290 esse

971 1329 1119 1408 »jus
1135 1379 1303 1394 .....
1399 1333 1566 1405 Quae
1629 1335 1829 1392 autem
1886 1329 2054 1392 natio
2128 1345 2249 1392 non
2306 1329 2672 1403 comitatem,
2756 1344 2919 1392 non

973 1431 1485 1512 »benignitatem
1551 1449 1674 1497 non
1736 1438 1976 1512 gratum
2030 1433 2301 1494 animum
2348 1437 2411 1495 et
2458 1431 2738 1496 beneficii
2770 1447 2925 1496 me-

979 1551 1260 1600 »morem
1305 1537 1551 1618 diligit?
1616 1540 1781 1611 Quae
1818 1537 2141 1615 superbos,
2190 1552 2347 1614 quae
2370 1535 2701 1611 maleficoS,
2734 1553 2925 1615 quae

973 1641 1298 1706 »crudeles
1350 1659 1506 1721 quae
1563 1643 1837 1724 ingratos
1886 1658 2007 1707 non
2056 1647 2453 1720 aspernatur,
2494 1657 2615 1706 non
2666 1642 2835 1706 odit?
2866 1661 2911 1700 »

973 1745 1047 1806 Et
1090 1745 1375 1812 inferius:
1425 1749 1646 1811 «Haec
1688 1751 1890 1809 autem
1934 1747 1999 1808 in
2038 1744 2327 1825 opinione
2376 1745 2727 1810 existimare
2768 1761 2913 1808 non

971 1846 1087 1910 »in
1135 1854 1354 1914 natura
1395 1850 1599 1929 posita
1644 1865 1783 1913 vere
1826 1848 2125 1912 dementis
2167 1854 2282 1912 est.
2330 1851 2485 1911 Nam
2520 1865 2633 1913 nee
2652 1849 2911 1913 arboris

971 1967 1134 2015 »nee
1181 1953 1324 2031 equi
1370 1953 1589 2027 virtuS,
1652 1967 1808 2030 quae
1858 1951 2085 2015 dicitur
2138 1953 2221 2031 (in
2286 1967 2407 2030 quo
2436 1952 2748 2016 abutimur
2787 1969 2908 2018 no-

969 2055 1204 2134 »minel
1249 2056 1312 2118 in
1367 2056 1656 2136 opinione
1702 2055 1824 2118 sita
1868 2061 1985 2132 est,
2032 2055 2141 2120 sed
2181 2056 2243 2118 in
2286 2062 2524 2119 natura.
2550 2056 2613 2113 »¹
2668 2059 2907 2122 Omnes

969 2162 1172 2222 autem
1220 2158 1589 2224 unanimiter
1629 2174 1865 2238 semper
1916 2164 1977 2222 et
2023 2159 2251 2241 ubique
2297 2165 2593 2224 terrarum
2641 2167 2909 2240 persua-

969 2276 1108 2326 sum
1153 2261 1280 2332 ,sibi
1338 2263 1605 2328 habuere
1664 2264 1891 2328 bonum
1932 2279 1969 2325 a
2004 2263 2199 2339 malo,
2242 2265 2568 2327 honestum
2610 2279 2648 2326 a
2688 2265 2900 2344 turpi,

968 2365 1204 2444 justum
1269 2366 1346 2429 ab
1413 2367 1645 2446 injusto
1716 2367 2075 2430 naturaliter
2118 2367 2442 2447 distingui.
2526 2370 2619 2430 Ita
2654 2369 2800 2432 licet
2830 2369 2905 2432 in

969 2469 1254 2549 plurimis
1295 2470 1595 2546 differant,
1645 2471 2061 2534 indubitanter
2106 2488 2317 2536 omnes
2372 2471 2701 2536 admittunt
2720 2473 2904 2537 obse-

977 2573 1192 2653 quium
1251 2575 1609 2654 parentibus
1685 2575 1927 2651 deberi,
1990 2575 2167 2640 fidem
2222 2577 2284 2638 in
2347 2577 2545 2656 pactis
2588 2593 2725 2640 esse
2766 2594 2903 2640 ser—

969 2677 1262 2755 vandam,
1303 2680 1456 2745 haec
1489 2679 1631 2743 aliis
1653 2663 2039 2759 praestanda,
2070 2695 2227 2759 quae
2249 2679 2371 2745 sibi
2396 2682 2537 2761 quis
2571 2681 2701 2745 lieri
2737 2684 2896 2747 vult.

973 2782 1270 2847 Similiter
1321 2800 1533 2849 omnes
1602 2785 1971 2847 conveniunt
2042 2786 2411 2864 vituperium
2479 2791 2541 2850 et
2590 2787 2901 2867 supplicia

969 2889 1184 2952 mereri
1247 2889 1618 2969 perjurium,
1690 2887 2080 2967 parricidium
2104 2935 2119 2963 ‚
2182 2889 2650 2964 infanticidium,
2694 2890 2899 2973 ingra-

977 3000 1104 3057 tum
1163 2994 1435 3057 animum
1511 3005 1575 3057 et
1634 2992 1755 3055 alia
1812 2993 2009 3071 plura.
2070 2992 2291 3056 Eadem
2356 2996 2583 3075 quippe
2630 2996 2891 3073 ratione,

977 3116 1100 3182 qua
1119 3101 1317 3181 prima
1337 3099 1593 3163 rationis
1615 3097 1918 3178 principia
1948 3098 2301 3174 theoretica,
2332 3115 2489 3179 quae
2516 3101 2699 3181 vulgo
2726 3104 2895 3166 axio-

975 3210 1140 3269 mata
1206 3205 1512 3280 dicuntur,
1578 3218 1650 3265 ex
1703 3202 1801 3267 sui
1862 3207 2081 3265 natura
2134 3203 2401 3265 animum
2450 3204 2512 3266 in
2569 3220 2893 3270 assensum

981 3312 1249 3390 rapiunt,
1303 3307 1472 3370 nulla
1517 3306 1640 3367 alia
1692 3320 1838 3368 sane
1880 3312 1941 3369 et
1988 3306 2291 3386 principia
2338 3308 2711 3386 praetieaita
2730 3327 2893 3374 men-

977 3422 1098 3479 tem
1145 3412 1443 3485 afficiunt,
1505 3415 1575 3471 ut
1634 3409 1862 3472 nullam
1915 3410 2161 3472 omnino
2204 3410 2375 3473 dubii
2420 3412 2894 3491 possibilitatem

978 3520 1313 3599 patiantur.
1361 3504 1560 3589 Quare
1624 3496 1836 3576 itidem
1872 3518 2009 3575 ante
2060 3528 2297 3577 omnem
2344 3518 2805 3581 conventionem
2834 3527 2895 3583 et

977 3623 1322 3703 pactionem
1364 3634 1506 3683 vera
1539 3622 1601 3680 et
1637 3617 2003 3681 inconeussa
2054 3618 2311 3683 dicenda
2346 3626 2511 3683 sunt.
2599 3623 2892 3696 Quemad-

979 3726 1222 3791 modum
1276 3724 1466 3805 igitur
1515 3737 1687 3785 mens
1752 3722 2017 3785 humana
2078 3723 2438 3787 naturaliter
2489 3731 2551 3788 et
2602 3734 2891 3806 perpetuo

981 3831 1194 3912 nequit
1255 3845 1376 3892 non
1443 3827 1729 3891 assentiri
1792 3828 2151 3891 veritatibus
2217 3834 2287 3891 ut
2354 3836 2543 3900 sunt:
2612 3847 2734 3895 non
2802 3840 2893 3896 est

979 3936 1232 4001 effeetus
1271 3933 1406 3997 sine
1459 3948 1688 4008 causa,
1748 3936 1940 3995 totum
1988 3937 2084 3995 est
2139 3933 2337 4011 majus
2388 3950 2499 3998 sua
2551 3942 2753 4013 parte;
2810 3938 2891 3999 ita

979 4041 1166 4104 etiam
1255 4037 1518 4102 naturali
1604 4036 1901 4103 instinctu
2010 4042 2306 4112 movetur,
2422 4044 2491 4101 ut
2543 4043 2889 4106 necessario

982 4144 1351 4209 assentiatur
1486 4140 1793 4221 primariis
1919 4141 2443 4221 propositionibus
2559 4146 2883 4224 praetium,

1051 4363 1067 4386 ²
1105 4354 1176 4403 De
1208 4350 1416 4416 legibue,
1454 4351 1510 4399 L.
1549 4350 1601 4412 1,
1641 4364 1741 4414 cap.
1778 4348 1825 4406 2,
