3128 5476
1187 683 1260 739 49

253 899 464 963 Hocce
501 893 662 975 legis
701 889 1002 956 naturalis
1041 887 1412 968 principium
1451 881 2015 966 comprehensionis
2039 880 2191 946 illud

253 1007 355 1066 est
379 1049 394 1077 ,
443 996 606 1079 quod
653 997 718 1058 in
759 992 1072 1075 praesenti
1122 990 1512 1070 inquirimus.

337 1104 458 1182 Qui
509 1101 758 1180 dejure
796 1105 1052 1162 naturae
1095 1097 1431 1172 disserunt,
1464 1093 1572 1158 ubi
1610 1092 1687 1156 de
1726 1091 1845 1158 hoc
1886 1090 2193 1172 principio

140 1265 153 1274 ,
259 1205 602 1274 definiendo
673 1209 904 1286 agunt,
981 1202 1044 1264 in
1103 1201 1327 1264 multas
1393 1199 1792 1276 diversasque
1854 1195 2193 1260 sententias

259 1311 510 1375 abeunt.
569 1307 840 1374 Celebris
883 1304 1204 1370 admodum
1247 1305 1402 1368 haec
1437 1307 1533 1366 est
1584 1302 1743 1366 inter
1787 1299 2193 1381 philosophos

261 1421 362 1478 ast
407 1412 647 1478 inutilis
687 1411 1074 1492 disceptatio.
1186 1408 1470 1488 Plerique
1513 1407 1679 1470 enim
1719 1411 2047 1485 postquam
2088 1403 2196 1468 diu

263 1519 424 1582 inter
463 1533 532 1581 se
580 1516 753 1580 illius
803 1529 992 1579 causa
1032 1512 1355 1595 digladiati
1402 1516 1585 1588 sunt,
1638 1509 1816 1590 quasi
1868 1509 2027 1572 nihil
2068 1507 2195 1571 evi-

261 1623 534 1699 cissent,
585 1619 747 1700 quod
801 1620 868 1682 in
912 1623 1226 1699 posterum
1279 1617 1423 1680 usui
1471 1620 1673 1690 esset,
1722 1613 1997 1692 reliquas
2036 1611 2197 1690 juris

264 1731 470 1807 partes
518 1740 594 1788 ex
655 1723 798 1786 aliis
857 1729 1041 1802 atque
1095 1720 1239 1784 aliis
1280 1719 1610 1802 principiis
1656 1717 1929 1782 derivare
1976 1731 2198 1780 conan-

267 1835 389 1892 tur.
454 1825 856 1906 Philosophia
897 1825 1186 1888 nimirum
1229 1824 1482 1887 moralis
1523 1835 1737 1888 omnes
1780 1819 2204 1901 complectitur

269 1931 669 2012 disciplinas,
741 1946 900 2010 quae
973 1931 1272 1994 humanas
1339 1928 1615 1992 actiones
1682 1943 1757 1991 ex
1820 1925 2201 2006 praescripto

269 2035 530 2100 rationis
575 2034 654 2097 ad
694 2035 1076 2099 honestatem
1117 2047 1190 2095 ac
1237 2031 1594 2096 felicitatem
1638 2030 1937 2111 dirigunt.

349 2141 520 2213 Quae
567 2136 938 2216 disciplinae
985 2151 1174 2214 quum
1215 2149 1290 2198 ex
1330 2122 1542 2198 eodem
1586 2134 1755 2198 fonte
1794 2133 2103 2213 profluant
2140 2136 2207 2194 et

267 2241 486 2306 eodem
534 2241 776 2306 diversa
833 2239 1070 2303 ratione
1111 2244 1512 2314 concurrant,
1572 2238 1791 2302 intimo
1832 2239 2207 2318 conjungan-

273 2353 374 2409 tur
439 2360 598 2408 nexu
662 2358 914 2408 necesse
961 2348 1059 2408 est
1078 2390 1094 2419 ,
1140 2348 1268 2405 tam
1322 2342 1657 2406 utilitatum
1680 2390 1695 2418 ,
1763 2357 1921 2421 quae
1968 2341 2207 2420 expleto

271 2449 495 2529 quovis
541 2447 876 2512 officiorum
918 2462 1138 2528 genere
1174 2446 1577 2527 proveniunt,
1611 2451 1795 2526 atque
1814 2445 1894 2509 ad
1914 2444 2213 2526 explenda

275 2555 514 2634 reliqua
559 2551 932 2628 conducunt,
982 2567 1165 2630 quam
1213 2552 1534 2628 malorum,
1592 2567 1749 2630 quae
1793 2551 2073 2633 neglecto
2110 2566 2209 2631 ge-

277 2673 424 2720 nere
469 2671 625 2732 uno,
674 2656 948 2719 existunt
991 2661 1054 2718 et
1099 2655 1358 2734 reliquis
1403 2655 1835 2734 impedimento
1876 2660 2045 2717 sunt.
2094 2655 2212 2730 Qui

277 2764 474 2829 Deum
517 2776 656 2825 vere
717 2766 902 2840 atque
961 2776 1034 2825 ex
1080 2760 1286 2837 animo
1339 2760 1526 2837 colit,
1576 2760 1745 2837 brevi
1794 2760 2064 2823 rationes
2108 2758 2214 2822 de—

278 2870 516 2946 promet
576 2880 652 2929 ex
673 2880 770 2955 ‚eo
821 2864 988 2928 cultu
1009 2911 1025 2940 ,
1070 2864 1298 2943 quibus
1349 2864 1665 2929 hominum
1708 2865 1991 2929 societati
2040 2862 2215 2926 utilis

275 2968 405 3044 sit,
477 2974 538 3031 et
598 2968 801 3048 ipsum
861 2983 931 3031 se
971 2983 1096 3031 non
1137 2969 1444 3050 negligat;
1501 2973 1713 3033 contra
1755 2968 1863 3047 qui
1896 2967 2214 3031 societatis

279 3084 534 3136 sensum
581 3070 840 3133 maxime
881 3086 1026 3150 prae
1059 3071 1256 3135 oculis
1301 3071 1508 3148 habet,
1558 3071 1621 3134 id
1662 3071 1825 3151 quod
1859 3070 2215 3135 hominibus

285 3174 685 3239 utilissimum
731 3179 830 3237 est
867 3174 1248 3253 maximeque
1289 3175 1739 3251 necessarium,
1790 3181 1953 3258 aget,
2000 3180 2069 3237 ut
2108 3190 2215 3239 eos

285 3282 480 3343 Deum
547 3278 822 3343 excolere
885 3292 1237 3357 summeque
1313 3294 1514 3344 amare
1559 3286 1623 3344 ct
1666 3280 1871 3345 verbis
1912 3286 1975 3345 et
2015 3294 2217 3343 exem-

286 3383 410 3463 plis
449 3382 699 3459 doceat,
747 3398 936 3462 seque
980 3388 1042 3446 et
1082 3389 1308 3447 statum
1355 3401 1536 3447 suum
1574 3385 1655 3448 ad
1695 3400 1877 3449 usum
1914 3385 2220 3447 humanae
2254 3364 2265 3373 ’

287 3486 606 3551 societatis
675 3492 995 3567 praeparet
1055 3492 1238 3567 atque
1296 3498 1567 3553 exornet.
1654 3489 1773 3563 Qui
1822 3488 2087 3566 denique
2144 3486 2219 3550 de

289 3591 424 3653 suis
469 3589 804 3655 commodis
847 3592 1042 3670 primo
1090 3592 1322 3673 cogitat
1357 3592 1521 3656 haud
1548 3608 1728 3673 aegre
1748 3592 2001 3669 videbit,
2036 3607 2219 3671 quam

289 3694 704 3759 conductibile
747 3694 834 3758 sit
859 3700 922 3759 et
963 3697 1158 3759 Deum
1201 3695 1400 3760 colere
1437 3700 1498 3759 et
1531 3697 1815 3761 homines
1858 3697 1980 3761 sibi
2012 3697 2218 3760 devin-

291 3797 440 3861 cire.
525 3800 662 3861 Non
734 3798 1028 3863 miremur
1099 3798 1290 3880 igitur
1351 3800 1783 3865 deductionem
1849 3801 2222 3864 naturalium

288 3901 524 3980 jurium
565 3906 746 3981 atque
795 3902 1244 3983 obligationum
1279 3905 1435 3969 alios
1479 3922 1515 3966 a
1549 3906 1717 3969 cultu
1761 3906 1897 3979 Dei,
1946 3903 2105 3967 alios
2142 3903 2219 3965 ab

293 4004 612 4068 hominum
667 4005 982 4069 societatis
1021 4022 1232 4082 sensu,
1269 4007 1532 4087 denique
1553 4008 1709 4072 alios
1737 4022 1773 4071 a
1814 4007 2019 4072 studio
2054 4007 2223 4070 utili·
2298 4038 2314 4053 ·

295 4109 445 4171 tatis
485 4109 767 4188 propriae
815 4115 1122 4189 tamquam
1157 4127 1190 4173 a
1229 4113 1430 4193 capite
1465 4112 1811 4191 reperiisse.
1862 4112 2018 4189 Quia
2044 4126 2223 4191 porro

299 4212 567 4275 omnium
635 4213 1144 4294 philosophorum
1209 4218 1546 4279 sententias
1609 4220 1723 4281 hac
1790 4232 1977 4296 super
2042 4232 2105 4279 re
2160 4214 2224 4277 in'
