3128 5476
1287 731 1362 790 25

345 908 668 989 gationem
709 910 959 972 humani
1010 913 1250 991 generis
1297 914 1526 977 sociam
1577 914 1890 977 mulierem
1931 911 2282 990 addidisse,

341 1012 519 1076 unde
569 1013 746 1078 homo
787 1030 822 1076 a
881 1015 978 1078 sui
1031 1015 1268 1096 origine
1316 1016 1377 1079 in
1423 1017 1760 1081 domestica
1808 1020 2100 1083 societate
2148 1036 2288 1084 con·

345 1117 609 1180 stitutus
668 1118 898 1194 fuerat;
969 1118 1150 1197 idque
1209 1119 1558 1200 requirebat
1628 1121 1866 1187 futurae
1930 1121 2289 1204 propaginis

333 1219 654 1296 conditio,
704 1221 970 1284 infantes
1013 1238 1276 1302 namque
1319 1223 1599 1286 oriuntur
1640 1240 1756 1286 usu
1801 1225 2057 1288 rationis
2106 1226 2291 1290 desti·

335 1324 493 1398 tuti,
571 1340 758 1404 seque
820 1327 1220 1390 conservandi
1285 1343 1358 1391 ac
1423 1325 1791 1406 perficiendi,
1846 1343 1882 1389 a
1937 1329 2287 1407 semetipsis

331 1442 598 1505 prorsus
648 1429 1120 1506 insufficientes,
1167 1430 1483 1511 longaque·
1518 1445 1663 1494 cura
1691 1436 2048 1510 parentum,
2097 1431 2289 1496 donec

334 1529 418 1592 ad
461 1531 796 1610 perfectum
837 1533 1104 1597 hominis
1133 1539 1358 1597 statum
1403 1533 1615 1596 tamin
1642 1533 1766 1597 vita
1808 1533 2061 1597 animali
2102 1550 2288 1616 quam

337 1634 627 1698 rationali
687 1638 1071 1717 perveniant,
1133 1643 1403 1718 egentes
1499 1640 1667 1708 Haec
1716 1643 1917 1701 autem
1968 1644 2287 1717 parentum

338 1737 505 1802 inter
551 1755 617 1802 se
671 1746 733 1802 et
784 1757 922 1804 cum
990 1741 1134 1805 filiis
1185 1743 1330 1805 unio
1371 1741 1619 1821 vitaque
1674 1741 2052 1818 communiS,
2104 1759 2287 1823 quam

313 1829 642 1906 'naturalis
713 1859 882 1907 amor
952 1850 1015 1909 et
1093 1850 1304 1928 gratus
1383 1845 1623 1909 animus
1720 1846 2037 1910 confirmat
2104 1850 2288 1925 atque

337 1947 609 2008 naturali
649 1949 765 2010 viri
825 1963 934 2010 seu
980 1950 1174 2028 patris
1217 1949 1634 2030 superioritati
1674 1965 1745 2014 ac
1772 1950 2094 2014 directioni
2140 1949 2286 2012 sub-

332 2048 514 2136 jicit„
550 2052 874 2114 constituit
897 2053 1234 2114 naturalem
1264 2053 1580 2116 societatis
1622 2053 1991 2117 domesticae
2028 2058 2278 2128 statum,

339 2169 416 2216 ex
456 2154 764 2234 conjugali
809 2160 870 2217 et
899 2160 1151 2234 paterna
1199 2155 1490 2220 societate
1537 2157 2003 2221 coalescentem.
2059 2156 2285 2219 Eodem

337 2257 560 2320 deinde
603 2258 921 2320 rationalis
963 2263 1216 2321 naturae
1275 2259 1481 2336 ductu,
1533 2259 1802 2322 familiae
1844 2260 1965 2321 hnc
2017 2263 2080 2320 et
2137 2258 2286 2321 illuc

340 2362 682 2445 dispersae,
751 2361 966 2426 morali
1010 2362 1376 2426 necessitate
1431 2362 1761 2444 aliquando
1812 2363 2287 2443 conjunguntur

339 2471 404 2530 et
453 2467 516 2528 in
577 2467 884 2530 civitatem
937 2472 1313 2530 accrescunt.
1376 2466 1709 2546 supposita
1748 2465 2035 2528 nimirum
2078 2466 2284 2546 aliqua

341 2564 818 2636 cohabitationis
846 2570 1185 2647 vicinitate,
1213 2571 1444 2634 sensim
1475 2569 1611 2632 sine
1650 2584 1837 2632 sensu
1862 2569 2057 2631 oritur
2080 2569 2279 2646 vicuS,

338 2675 556 2740 deinde
627 2691 854 2757 pagm,
922 2673 1068 2737 urbs
1140 2689 1212 2738 ac
1288 2673 1526 2736 demum
1591 2674 1842 2752 civitaS,
1910 2689 2067 2756 quae
2110 2674 2283 2754 juxta

341 2784 783 2844 Anis‘ro'rnnnm
829 2784 924 2845 est
963 2777 1206 2844 civium
1250 2776 1607 2842 multitudo
1652 2777 1798 2861 ipsa
1849 2796 1975 2861 per
2020 2797 2087 2841 se
2150 2776 2284 2841 sibi

340 2883 504 2947 satis
533 2903 608 2947 ac
643 2882 964 2969 sufficiens
1004 2884 1090 2948 ad
1128 2881 1283 2947 bene
1314 2880 1620 2966 beateque
1656 2879 2024 2945 vivendum.
2072 2883 2280 2945 Status

343 2989 546 3068 itaque
571 2989 868 3051 naturalis
898 2988 1167 3052 hominis
1222 2988 1274 3049 is
1321 2993 1440 3063 est,
1485 3002 1667 3067 quem
1700 3002 1737 3048 a
1777 2990 1995 3047 natura
2046 2984 2283 3048 obtinet

343 3092 510 3155 nullo
554 3091 878 3155 accedente
920 3092 1114 3155 libero
1151 3090 1416 3155 hominis
1447 3088 1609 3153 facto
1650 3088 1745 3151 vel
1775 3088 2080 3151 instituto.
2129 3089 2281 3152 Con-

344 3200 434 3258 tra
482 3195 854 3259 adventitius
923 3200 1052 3271 est,
1113 3194 1219 3275 qui
1261 3210 1336 3257 ex
1380 3192 1573 3256 libero
1626 3190 1892 3255 hominis
1954 3190 2117 3255 facto
2185 3191 2279 3254 vel

345 3299 622 3363 instituto
674 3299 973 3380 quodam,
1022 3298 1392 3378 supervenit.
1455 3297 1611 3371 Quia
1653 3296 1960 3360 hominem
1998 3296 2133 3376 ipsa
2174 3310 2281 3356 na-

344 3408 475 3466 tura
543 3403 618 3465 ad
698 3404 1049 3467 societatem
1109 3403 1423 3467 hominum
1501 3402 1760 3465 aliorum
1836 3399 2274 3473 conformavit,

346 3508 568 3572 idcirco
611 3513 832 3583 statuS,
872 3523 1053 3588 quem
1096 3523 1132 3569 a
1163 3511 1378 3569 natura
1424 3506 1695 3580 obtinet,
1739 3507 1921 3569 homo
1959 3502 2279 3567 excludere

345 3628 574 3679 omnem
640 3613 965 3675 humanam
1037 3610 1392 3675 societatem
1456 3625 1578 3674 non
1659 3612 1893 3688 potest,
1979 3606 2086 3669 sed
2144 3620 2278 3669 eam

346 3723 576 3781 tantum
624 3715 914 3796 [excludit
941 3764 957 3792 ,
1026 3729 1182 3794 quae
1247 3730 1319 3777 ex
1369 3712 1697 3793 hypothesi
1752 3710 2071 3790 cujusdam
2132 3708 2277 3771 facti

349 3822 438 3887 vel
513 3820 819 3896 instituti,
879 3818 1126 3900 propria
1184 3818 1480 3882 electione
1527 3815 1739 3879 oritur.
1815 3812 2124 3894 Quidquid
2166 3828 2270 3874 au-

346 3932 458 3989 tem
499 3925 582 3987 sit
627 3923 700 3987 de
749 3923 1148 3987 societatibus
1214 3922 1724 4001 particularibuS,
1792 3936 1964 4001 quas·
1996 3916 2273 3980 homines

343 4030 526 4092 libere
590 4028 802 4092 ineunt
830 4027 1016 4090 relate
1064 4026 1140 4089 ad
1195 4027 1346 4090 fines
1397 4024 1699 4107 quosdam
1763 4036 1971 4087 eorum
2020 4019 2273 4083 arbitrio

345 4132 683 4210 subjectos,
733 4130 1006 4194 definitio
1050 4132 1201 4194 haec
1247 4134 1442 4192 status
1492 4126 1809 4192 adventitii
1851 4124 2065 4205 nequit
2112 4137 2274 4187 com-

343 4244 536 4318 petere
587 4238 853 4302 statibus
914 4236 1227 4300 societatis
1298 4235 1361 4298 in
1411 4248 1633 4315 genere
1672 4229 1988 4311 spectatiS,
2034 4227 2271 4290 domes-

346 4346 456 4407 tico
480 4342 740 4418 scilicet,
789 4342 1002 4405 sociali
1044 4346 1105 4403 et
1147 4339 1312 4405 civili
1352 4340 1414 4404 in
1445 4337 1671 4420 quibus
1702 4336 1975 4400 homines
2000 4336 2269 4397 exnatu-
