3128 5476
1898 687 1972 747 40

977 898 1276 974 quatenus
1341 892 1547 956 omnia
1617 890 1849 956 ordinis
1898 892 2146 955 moralis
2196 889 2391 955 officia
2436 865 2903 969 complectitur,

969 997 1170 1082 „officia
1202 996 1482 1061 videlicet
1511 995 1857 1074 imperfecta
1887 995 2067 1059 simul
2088 1000 2148 1058 et
2172 995 2457 1074 perfecta.
2489 997 2673 1058 Porro
2696 993 2907 1058 officia

973 1100 1260 1181 perfecta,
1279 1100 1416 1179 jure
1431 1098 1665 1174 stricto,
1686 1098 1847 1179 quod
1864 1100 2097 1179 passim
2118 1099 2249 1163 solo
2264 1097 2421 1176 juris
2444 1097 2685 1160 nomine
2696 1097 2900 1173 venit,

977 1204 1459 1278 constituuntur;
1499 1203 1623 1281 juri
1673 1202 1979 1278 nimirum,
2008 1203 2136 1268 sive
2156 1201 2457 1281 justitiae,
2478 1217 2664 1283 quum
2688 1199 2765 1263 ad
2784 1216 2905 1265 ne-

979 1307 1282 1372 cessarias
1345 1305 1727 1370 conditiones
1776 1305 2090 1370 societatis
2117 1305 2547 1370 constitutivas
2570 1304 2899 1381 referatur,

977 1410 1324 1475 necessario
1379 1409 1705 1490 respondet
1763 1409 2022 1474 coactio.
2068 1407 2217 1472 Fiat
2245 1405 2523 1492 justitia
2560 1427 2643 1474 ne
2659 1416 2905 1492 pereat

977 1512 1282 1578 mundus.
1369 1516 1457 1577 Ea
1527 1517 1789 1576 attamen
1836 1518 1932 1577 est
1986 1511 2219 1576 indoles
2274 1511 2753 1578 consociationis
2784 1513 2903 1578 ho-

973 1619 1240 1695 minum,
1315 1633 1472 1700 quae
1534 1633 1743 1682 eorum
1802 1622 2053 1680 naturae
2131 1620 2413 1681 accurate
2484 1616 2893 1695 respondeat;

979 1737 1166 1803 quum
1235 1721 1424 1802 igitur
1491 1708 1770 1785 homines
1832 1720 2143 1785 intellectu
2209 1725 2272 1783 et
2331 1720 2524 1784 libera
2582 1718 2902 1784 voluntate

979 1827 1234 1892 caeteris
1299 1825 1713 1889 animantibus
1764 1824 2153 1904 praecellant,
2207 1838 2415 1889 eorum
2464 1823 2733 1898 societas
2770 1839 2900 1888 non

979 1935 1074 1994 est
1114 1945 1278 1994 mera
1321 1930 1681 2009 proximitas
1740 1933 1801 1991 et
1832 1929 2005 2007 juxta
2054 1943 2121 1992 se
2167 1928 2425 1992 invicem
2466 1928 2726 2008 positio;
2776 1929 2901 1994 hoc

979 2039 1300 2114 utrumque
1326 2047 1648 2112 corporum
1692 2032 1936 2097 omnino
1975 2031 2381 2096 materialium
2422 2033 2733 2112 proprium
2771 2039 2894 2108 est,

979 2152 1091 2203 nec
1142 2137 1494 2203 hominibus
1551 2138 1875 2218 congruit,
1928 2138 2035 2217 qui
2085 2137 2220 2201 loco
2266 2142 2329 2201 et
2374 2141 2637 2216 tempore
2658 2136 2895 2212 dissiti,

981 2241 1379 2307 nihilominus
1423 2241 1880 2306 consociantur.
1934 2241 2207 2305 Societas
2247 2241 2579 2317 hominum,
2625 2256 2900 2321 praeser-

983 2346 1092 2409 tim
1131 2346 1669 2428 intelligentiarum
1714 2345 2064 2425 conjunctio
2116 2350 2233 2420 est,
2278 2345 2549 2426 adeoque
2590 2347 2919 2409 communi.

982 2449 1131 2527 fide,
1181 2452 1411 2515 mutuis
1458 2451 1677 2515 officiis
1716 2456 1777 2514 et
1819 2449 2175 2530 praesertim
2216 2451 2534 2526 charitate,
2568 2450 2898 2514 concordia

981 2559 1042 2618 et
1104 2560 1315 2618 mutuo
1375 2570 1603 2631 amore,
1674 2570 1796 2619 non
1840 2569 1981 2618 vero
2050 2553 2172 2617 alia
2228 2554 2460 2618 ratione
2504 2555 2895 2636 colligantur.

983 2661 1150 2734 Quae
1213 2674 1400 2741 quum
1441 2659 1527 2722 ita
1581 2659 1751 2734 sint,
1793 2658 2185 2723 manifestum
2230 2663 2359 2735 cst,
2393 2664 2460 2720 ut
2504 2659 2631 2737 jam
2660 2660 2899 2724 monui-

982 2777 1154 2839 muS,
1227 2764 1538 2828 hominum
1600 2765 1953 2828 societatem
1998 2762 2228 2842 duplici
2276 2764 2479 2844 legum
2523 2764 2735 2828 ordine
2770 2780 2903 2828 mo-

983 2866 1205 2943 derari,
1259 2866 1554 2931 charitate
1596 2866 1887 2929 nimirum
1934 2872 1996 2929 et
2042 2867 2503 2947 justitiazquae
2527 2868 2705 2950 quasi
2741 2868 2899 2931 duae

983 2971 1253 3050 ejusdem
1321 2972 1534 3033 matris
1598 2970 1761 3034 filiae
1826 2972 2038 3034 intimo
2081 2986 2238 3035 nexu
2286 2973 2646 3051 conjunctae
2668 2972 2744 3035 ad
2785 2974 2898 3035 hu-

981 3078 1197 3139 manae
1268 3074 1584 3139 societatis
1654 3074 1832 3139 finem
1900 3080 2245 3156 properant.
2332 3076 2501 3139 Finis
2578 3076 2685 3140 hic
2741 3076 2899 3141 idem

983 3184 1080 3243 est
1140 3193 1212 3242 ac
1271 3177 1741 3255 individuorum,
1817 3179 2109 3258 perfectio
2157 3179 2440 3243 videlicet
2504 3186 2565 3243 et
2634 3181 2898 3245 felicitas

985 3296 1095 3345 seu
1119 3281 1548 3361 :perfectionis
1620 3286 1681 3344 ct
1750 3281 2063 3346 felicitatis
2116 3283 2192 3345 ab
2261 3283 2507 3347 homine
2548 3285 2898 3349 necessario

985 3390 1302 3465 exoptatae
1374 3384 1721 3449 subsidium
1763 3390 1824 3449 et
1863 3386 2322 3450 incrementum.
2400 3389 2696 3451 Consistit
2717 3404 2897 3467 porro

988 3490 1049 3553 in
1119 3488 1442 3554 securitate
1507 3492 1636 3551 tum
1710 3487 2021 3552 individua
2076 3493 2203 3551 tum
2262 3490 2477 3554 sociali
2536 3507 2647 3556 nec
2690 3492 2898 3555 minus

989 3596 1050 3655 in
1093 3594 1517 3674 prosperitate.
1591 3595 1727 3657 Huc
1774 3581 2059 3672 'spectant
2104 3593 2291 3674 legeS.
2340 3594 2653 3659 Humanae
2695 3602 2896 3660 tamen

985 3698 1152 3777 leges
1193 3712 1306 3760 nec
1342 3698 1548 3762 omnia
1594 3697 1915 3776 prohibere
1960 3703 2223 3776 possunt
2266 3700 2545 3763 societati
2586 3701 2891 3777 nocentia,

987 3816 1100 3865 nec
1163 3801 1366 3864 omnia
1407 3801 1755 3880 praecipere
1801 3801 2059 3864 virtutes
2112 3799 2305 3864 eidem
2348 3802 2641 3868 faventes.
2730 3808 2895 3881 Quae

987 3910 1049 3968 et
1095 3920 1216 3985 qua
1259 3904 1494 3977 ratione
1545 3904 1688 3967 nixa
1742 3904 1859 3967 erit
1885 3906 2104 3985 pietaS‚
2146 3921 2304 3986 quae
2334 3908 2705 3985 humanitem,
2740 3926 2895 3991 quae

987 4009 1449 4073 benevolentia?
1530 4011 1663 4083 Quo
1720 4011 1977 4091 ‘vinculo
2037 4011 2485 4093 conjungentur
2522 4013 2711 4091 civeS,
2763 4017 2887 4096 qui,

989 4113 1228 4176 secluso
1295 4114 1445 4187 Deo,
1512 4114 1680 4177 nulla
1722 4115 1917 4177 mutui
1966 4115 2189 4179 amoris
2238 4116 2346 4179 sed
2392 4118 2585 4196 putidi
2635 4120 2891 4200 egoismi

987 4215 1119 4296 lege
1162 4218 1490 4279 tenentur?

1067 4318 1304 4397 Quibus
1365 4322 1609 4404 legibus
1672 4324 1987 4403 temperari
2034 4331 2317 4406 poterunt
2340 4327 2450 4402 ira,
2484 4326 2727 4404 odium,
2762 4328 2890 4393 vin-
