3128 5476
1931 706 1965 762 2

989 919 1171 985 saepe
1215 907 1469 970 nomina
1523 923 1556 968 a
1600 923 1713 970 sua
1752 910 1945 988 prima
1990 911 2377 989 impositione
2426 912 2900 993 detorqueantur

987 1007 1063 1071 ad
1093 1008 1214 1071 alia
1239 1009 1663 1091 significanda,
1709 1028 1867 1093 quae
1913 1014 2087 1078 novis
2120 1016 2408 1079 continuo
2442 1017 2901 1096 acceptionibus

985 1113 1283 1195 originem
1325 1113 1516 1177 dant?
1549 1147 1631 1160 —
1666 1115 1726 1177 id
1775 1114 2220 1181 admonendum
2258 1124 2397 1182 ante
2434 1120 2638 1182 omnia
2681 1129 2901 1184 censeo

985 1220 1149 1300 quod
1212 1221 1328 1284 soli
1379 1222 1653 1298 homini,
1724 1231 2025 1302 quatenus
2067 1225 2375 1288 intellectu
2422 1225 2685 1306 gaudeat
2724 1231 2787 1290 et
2830 1227 2902 1288 li-

981 1323 1254 1400 bertate,
1335 1325 1474 1404 jura
1522 1326 1905 1389 conveniant.
1992 1329 2315 1392 Hominem
2392 1329 2680 1391 nimirum
2748 1330 2903 1393 ratio

984 1427 1230 1504 suadet,
1288 1443 1400 1492 333
1429 1435 1605 1507 urget
1645 1431 2005 1494 necessitas.
2053 1435 2123 1493 In
2180 1447 2301 1511 quo
2343 1432 2397 1494 si
2453 1431 2740 1495 erraverit
2786 1434 2903 1494 UL-

981 1549 1227 1619 Prapzus,
1255 1537 1532 1597 errarunt
1553 1548 1674 1596 non
1696 1535 1901 1598 minus
1916 1539 2293 1610 AnnENSmS,
2322 1537 2617 1598 DAmRoN
2646 1534 2895 1614 aliique,

979 1637 1086 1715 qui
1161 1636 1359 1699 brutis
1431 1653 1554 1700 non
1603 1642 1838 1716 tantum
1889 1637 1996 1700 sed
2050 1643 2111 1702 et
2150 1638 2377 1716 plantis
2426 1621 2723 1719 quaedam
2762 1639 2902 1717 jura

977 1740 1072 1804 vel
1108 1741 1268 1818 juris
1318 1741 1655 1820 specimina
1697 1741 1993 1805 tribuunt.

1055 1843 1427 1924 Inquirenda
1495 1845 1795 1924 imprimis
1853 1853 2049 1909 rerum
2096 1850 2312 1908 natura
2364 1850 2425 1908 et
2472 1845 2578 1908 illa
2616 1846 2899 1909 vocabuli

971 1949 1076 2027 jus
1122 1947 1446 2011 indicanda
1487 1947 1879 2028 significatio,
1922 1964 1959 2010 a
1998 1965 2120 2028 qua
2155 1957 2426 2013 caeterae
2450 1949 2717 2013 veniant.
2766 1953 2899 2024 Qua

977 2053 1215 2116 ratione
1255 2051 1516 2115 sumitur
1557 2067 1667 2129 pro
1716 2051 2007 2115 attributo
2050 2052 2312 2115 actionis
2340 2101 2355 2129 ‚
2404 2057 2589 2132 atque
2625 2052 2684 2114 id
2725 2068 2899 2116 omne

977 2155 1307 2236 significat,
1351 2155 1515 2236 quod
1537 2156 1883 2229 honestum,
1929 2141 2166 2219 licitum
2214 2160 2275 2219 31
2301 2155 2534 2233 justum
2560 2160 2675 2218 est.
2725 2156 2895 2230 Quod

975 2259 1030 2321 si
1097 2258 1555 2322 consideramus
1622 2258 1807 2320 relate
1858 2257 1934 2320 ad
2000 2257 2307 2321 hominem
2359 2258 2516 2320 nihil
2558 2258 2726 2320 aliud
2764 2266 2887 2333 est,

971 2364 1094 2426 nisi
1138 2360 1559 2443 quodcumque
1605 2362 1667 2424 in
1721 2361 1930 2426 ordine
1979 2362 2215 2437 morali,
2270 2361 2423 2442 legi,
2470 2361 2543 2424 33
2594 2378 2715 2442 qua
2756 2379 2895 2425 mox

974 2466 1290 2541 dicemuS,
1349 2466 1723 2540 consentiat;
1777 2480 1962 2546 quare
2009 2471 2071 2528 et
2110 2467 2211 2544 jus
2250 2481 2361 2544 pro
2397 2466 2531 2545 lege
2564 2466 2887 2545 accipitur.

967 2573 1056 2634 Ex
1107 2572 1223 2634 1133
1262 2570 1420 2648 juris
1469 2570 1917 2650 significatione
1959 2584 2073 2632 sua
2116 2575 2331 2648 sponte
2367 2563 2617 2648 profluit
2664 2569 2885 2643 altera,

969 2689 1126 2756 quae
1175 2673 1252 2736 ad
1291 2688 1615 2753 personam
1655 2673 1933 2750 refertur,
1981 2688 2103 2753 quo
2133 2689 2321 2736 sensu
2356 2678 2602 2737 auctore
2624 2675 2887 2748 Gno‘rro,

969 2778 1072 2857 ius
1131 2784 1226 2841 est
1283 2778 1548 2859 qualitas
1615 2778 1865 2843 moralis
1912 2794 2206 2857 personae
2268 2771 2739 2857 competens'ad
2782 2779 2891 2839 ali-

966 2881 1115 2962 quid
1179 2882 1526 2946 habendum
1598 2883 1693 2947 vel
1760 2881 2082 2963 agendum.
2170 2880 2435 2945 Eatenus
2497 2881 2659 2945 enim
2704 2880 2890 2945 alicui

966 2984 1226 3049 facultas
1300 2986 1405 3049 illa
1473 2987 1795 3067 competit,
1878 2992 2178 3067 quatenus
2248 2985 2367 3065 ipsi
2424 3001 2460 3048 a
2506 2986 2640 3065 lege
2682 2984 2891 3066 aliqua

965 3090 1339 3155 conceditur.
2490 3104 2493 3107 ·

1040 3197 1357 3259 Praeterea
1407 3195 1528 3275 legi
1570 3194 1799 3270 officia,
1862 3196 1985 3273 juri
2036 3194 2472 3275 obligationem
2530 3194 2879 3256 necessario

964 3298 1328 3377 respondere
1385 3314 1558 3363 nemo
1617 3315 1739 3361 333
1800 3298 1983 3362 ν1331.
2088 3300 2206 3361 Lex
2262 3297 2423 3361 enim
2478 3297 2613 3360 sine
2672 3296 2887 3361 officiis

962 3402 1040 3465 ab
1088 3418 1160 3466 ea
1225 3402 1492 3465 inductis
1543 3407 1607 3465 et
1656 3400 1851 3466 officia
1892 3402 2027 3464 sine
2069 3401 2236 3482 lege,
2276 3416 2313 3462 a
2348 3416 2469 3481 qua
2522 3400 2889 3464 inducantur

964 3507 1205 3587 concipi
1277 3507 1523 3570 omnino
1583 3522 1704 3571 non
1764 3512 2047 3585 possunt.
2146 3504 2371 3569 Eodem
2428 3505 2607 3569 modo
2668 3511 2727 3569 31
2780 3506 2886 3583 J‘us

964 3608 1101 3674 sine
1175 3610 1551 3691 obligatione
1621 3611 1958 3674 consistere
2025 3609 2258 3690 nequit.
2372 3610 2659 3683 Quamvis
2726 3609 2887 3671 33131

964 3713 1385 3795 quodcumque
1434 3714 1538 3793 ju's
1590 3730 1711 3777 333
1760 3714 2108 3778 necessario
2157 3712 2591 3793 obligationem
2641 3712 2885 3791 proprie

961 3817 1185 3881 dictam
1248 3817 1540 3881 adnexam
1587 3818 1808 3894 hahet;
1868 3833 2056 3899 quum
2099 3831 2280 3895 saepe
2322 3816 2423 3893 fit,
2477 3822 2547 3879 ut
2594 3816 2735 3895 quis
2779 3816 2883 3894 jus

961 3936 1141 3985 suum
1165 3925 1441 3985 exerceat
1467 3922 1649 3984 etiam
1678 3922 1733 3985 si
1762 3922 1929 3984 nulla
1960 3920 2205 3985 omnino
2225 3935 2486 3999 persona
2514 3918 2885 3999 praestando

961 4023 1195 4106 aliquid
1259 4026 1354 4089 vel
1419 4026 1655 4106 agendo
1708 4025 1803 4089 vel
1858 4024 2185 4089 omittendo
2228 4024 2304 4087 ad
2354 4023 2471 4087 hoc
2519 4029 2875 4095 concurrat;

960 4129 1175 4193 saltem
1217 4129 1341 4213 juri
1377 4129 1747 4210 respondeat
1780 4134 2014 4209 oportet
2050 4128 2343 4209 obligatio
2370 4176 2385 4204 ‚
2434 4142 2615 4207 quam
2662 4133 2889 4189 vocant

959 4234 1330 4315 negativam,
1397 4247 1675 4315 quaeque
1722 4250 1794 4298 33
1856 4232 2083 4308 133311,
2152 4247 2229 4295 33
2287 4230 2530 4294 laedant
2573 4230 2677 4309 jus
2730 4230 2885 4292 illud

957 4337 1065 4401 alii
1135 4353 1378 4414 omneS,
1441 4338 1669 4417 quihus
1741 4338 1891 4401 11333
1952 4335 2280 4416 imponitur
2332 4334 2645 4415 obligatio.
2735 4336 2883 4415 Legi
