<?xml version="1.0" encoding="UTF-8"?>
<!DOCTYPE html PUBLIC "-//W3C//DTD XHTML 1.0 Transitional//EN"
    "http://www.w3.org/TR/xhtml1/DTD/xhtml1-transitional.dtd">
<html xmlns="http://www.w3.org/1999/xhtml" xml:lang="en" lang="en">
 <head>
  <title>
</title>
<meta http-equiv="Content-Type" content="text/html;charset=utf-8" />
  <meta name='ocr-system' content='tesseract 3.04.00' />
  <meta name='ocr-capabilities' content='ocr_page ocr_carea ocr_par ocr_line ocrx_word'/>
</head>
<body>
  <div class='ocr_page' id='page_1' title='image "./deintimoreligio00suysgoog_0012.png"; bbox 0 0 3128 5476; ppageno 0'>
   <div class='ocr_carea' id='block_1_1' title="bbox 1042 1303 1444 1372">
    <p class='ocr_par' dir='ltr' id='par_1_1' title="bbox 1042 1303 1444 1372">
     <span class='ocr_line' id='line_1_1' title="bbox 1042 1303 1444 1372; baseline 0.002 -2"><span class='ocrx_word' id='word_1_1' title='bbox 1042 1303 1350 1372; x_wconf 85' lang='lat' dir='ltr'>CAPUT</span> <span class='ocrx_word' id='word_1_2' title='bbox 1393 1306 1444 1371; x_wconf 91' lang='lat' dir='ltr'>I.</span> 
     </span>
    </p>
   </div>
   <div class='ocr_carea' id='block_1_2' title="bbox 736 1722 1729 1806">
    <p class='ocr_par' dir='ltr' id='par_1_2' title="bbox 736 1722 1729 1806">
     <span class='ocr_line' id='line_1_2' title="bbox 736 1722 1729 1806; baseline 0.004 -32"><span class='ocrx_word' id='word_1_3' title='bbox 736 1722 801 1775; x_wconf 72' lang='lat' dir='ltr'>nt</span> <span class='ocrx_word' id='word_1_4' title='bbox 840 1722 1028 1778; x_wconf 69' lang='grc' dir='ltr'><strong>ΙΙΙΒΟῑΕ</strong></span> <span class='ocrx_word' id='word_1_5' title='bbox 1073 1725 1258 1806; x_wconf 54' lang='grc' dir='ltr'>ᾸῘΩΠΕ</span> <span class='ocrx_word' id='word_1_6' title='bbox 1305 1724 1729 1781; x_wconf 65' lang='lat' dir='ltr'>annelat-lum.</span> 
     </span>
    </p>
   </div>
   <div class='ocr_carea' id='block_1_3' title="bbox 258 2461 2203 4343">
    <p class='ocr_par' dir='ltr' id='par_1_3' title="bbox 641 2461 2202 2577">
     <span class='ocr_line' id='line_1_3' title="bbox 641 2461 2202 2577; baseline 0.004 -23"><span class='ocrx_word' id='word_1_7' title='bbox 641 2461 806 2558; x_wconf 76' lang='lat' dir='ltr'>»Jus</span> <span class='ocrx_word' id='word_1_8' title='bbox 855 2501 951 2557; x_wconf 90' lang='lat' dir='ltr'>est</span> <span class='ocrx_word' id='word_1_9' title='bbox 993 2511 1092 2558; x_wconf 90' lang='lat' dir='ltr'>ars</span> <span class='ocrx_word' id='word_1_10' title='bbox 1135 2496 1280 2559; x_wconf 87' lang='lat' dir='ltr'>boni</span> <span class='ocrx_word' id='word_1_11' title='bbox 1335 2501 1395 2560; x_wconf 91' lang='lat' dir='ltr'>et</span> <span class='ocrx_word' id='word_1_12' title='bbox 1448 2499 1650 2577; x_wconf 86' lang='lat' dir='ltr'>aequi.</span> <span class='ocrx_word' id='word_1_13' title='bbox 1741 2499 1925 2576; x_wconf 87' lang='lat' dir='ltr'>Cujus</span> <span class='ocrx_word' id='word_1_14' title='bbox 1988 2499 2202 2562; x_wconf 87' lang='lat' dir='ltr'>merito</span> 
     </span>
    </p>

    <p class='ocr_par' dir='ltr' id='par_1_4' title="bbox 258 2597 2203 4343">
     <span class='ocr_line' id='line_1_4' title="bbox 283 2597 2198 2681; baseline 0.006 -27"><span class='ocrx_word' id='word_1_15' title='bbox 283 2597 474 2678; x_wconf 77' lang='lat' dir='ltr'>»quis</span> <span class='ocrx_word' id='word_1_16' title='bbox 523 2613 635 2662; x_wconf 89' lang='lat' dir='ltr'>nos</span> <span class='ocrx_word' id='word_1_17' title='bbox 687 2597 1031 2662; x_wconf 82' lang='lat' dir='ltr'>sacerdotes</span> <span class='ocrx_word' id='word_1_18' title='bbox 1085 2600 1370 2679; x_wconf 88' lang='lat' dir='ltr'>appellet.</span> <span class='ocrx_word' id='word_1_19' title='bbox 1431 2601 1743 2663; x_wconf 86' lang='lat' dir='ltr'>Justitiam</span> <span class='ocrx_word' id='word_1_20' title='bbox 1790 2616 2049 2681; x_wconf 86' lang='lat' dir='ltr'>namque</span> <span class='ocrx_word' id='word_1_21' title='bbox 2099 2617 2198 2665; x_wconf 94' lang='lat' dir='ltr'>co-</span> 
     </span>
     <span class='ocr_line' id='line_1_5' title="bbox 281 2701 2203 2793; baseline 0.005 -34"><span class='ocrx_word' id='word_1_22' title='bbox 281 2701 512 2793; x_wconf 80' lang='lat' dir='ltr'>»limus</span> <span class='ocrx_word' id='word_1_23' title='bbox 561 2708 623 2767; x_wconf 91' lang='lat' dir='ltr'>et</span> <span class='ocrx_word' id='word_1_24' title='bbox 665 2702 810 2767; x_wconf 87' lang='lat' dir='ltr'>boni</span> <span class='ocrx_word' id='word_1_25' title='bbox 859 2707 920 2766; x_wconf 90' lang='lat' dir='ltr'>et</span> <span class='ocrx_word' id='word_1_26' title='bbox 963 2703 1141 2783; x_wconf 88' lang='lat' dir='ltr'>aequi</span> <span class='ocrx_word' id='word_1_27' title='bbox 1185 2703 1467 2767; x_wconf 82' lang='lat' dir='ltr'>notitiam</span> <span class='ocrx_word' id='word_1_28' title='bbox 1509 2703 1890 2783; x_wconf 85' lang='lat' dir='ltr'>profitemur,</span> <span class='ocrx_word' id='word_1_29' title='bbox 1940 2721 2203 2786; x_wconf 85' lang='lat' dir='ltr'>aequum</span> 
     </span>
     <span class='ocr_line' id='line_1_6' title="bbox 281 2806 2196 2887; baseline 0.005 -25"><span class='ocrx_word' id='word_1_30' title='bbox 281 2826 311 2862; x_wconf 88' lang='lat'>»</span> <span class='ocrx_word' id='word_1_31' title='bbox 335 2806 411 2869; x_wconf 89' lang='lat' dir='ltr'>ab</span> <span class='ocrx_word' id='word_1_32' title='bbox 440 2806 652 2887; x_wconf 87' lang='lat' dir='ltr'>iniquo</span> <span class='ocrx_word' id='word_1_33' title='bbox 681 2811 1058 2887; x_wconf 82' lang='lat' dir='ltr'>separantes,</span> <span class='ocrx_word' id='word_1_34' title='bbox 1101 2807 1341 2870; x_wconf 91' lang='lat' dir='ltr'>licitum</span> <span class='ocrx_word' id='word_1_35' title='bbox 1381 2808 1455 2870; x_wconf 87' lang='lat' dir='ltr'>ab</span> <span class='ocrx_word' id='word_1_36' title='bbox 1495 2807 1710 2871; x_wconf 91' lang='lat' dir='ltr'>illicito</span> <span class='ocrx_word' id='word_1_37' title='bbox 1749 2807 2196 2885; x_wconf 83' lang='lat' dir='ltr'>discernentes,</span> 
     </span>
     <span class='ocr_line' id='line_1_7' title="bbox 279 2910 2197 2992; baseline 0.005 -27"><span class='ocrx_word' id='word_1_38' title='bbox 279 2910 524 2974; x_wconf 88' lang='lat' dir='ltr'>»bonos</span> <span class='ocrx_word' id='word_1_39' title='bbox 567 2926 688 2975; x_wconf 91' lang='lat' dir='ltr'>non</span> <span class='ocrx_word' id='word_1_40' title='bbox 735 2911 934 2975; x_wconf 91' lang='lat' dir='ltr'>solum</span> <span class='ocrx_word' id='word_1_41' title='bbox 971 2916 1130 2974; x_wconf 90' lang='lat' dir='ltr'>metu</span> <span class='ocrx_word' id='word_1_42' title='bbox 1166 2926 1521 2991; x_wconf 88' lang='lat' dir='ltr'>poenarum,</span> <span class='ocrx_word' id='word_1_43' title='bbox 1562 2927 1775 2975; x_wconf 89' lang='lat' dir='ltr'>verum</span> <span class='ocrx_word' id='word_1_44' title='bbox 1814 2912 1996 2975; x_wconf 88' lang='lat' dir='ltr'>ctiam</span> <span class='ocrx_word' id='word_1_45' title='bbox 2028 2928 2197 2992; x_wconf 90' lang='lat' dir='ltr'>prae-</span> 
     </span>
     <span class='ocr_line' id='line_1_8' title="bbox 277 3014 2197 3096; baseline 0.004 -26"><span class='ocrx_word' id='word_1_46' title='bbox 277 3015 586 3078; x_wconf 81' lang='lat' dir='ltr'>»miorum</span> <span class='ocrx_word' id='word_1_47' title='bbox 617 3030 861 3096; x_wconf 87' lang='lat' dir='ltr'>quoque</span> <span class='ocrx_word' id='word_1_48' title='bbox 897 3014 1314 3077; x_wconf 83' lang='lat' dir='ltr'>exhortatione</span> <span class='ocrx_word' id='word_1_49' title='bbox 1337 3014 1568 3078; x_wconf 87' lang='lat' dir='ltr'>efficere</span> <span class='ocrx_word' id='word_1_50' title='bbox 1591 3014 1933 3093; x_wconf 83' lang='lat' dir='ltr'>cupientes.</span> <span class='ocrx_word' id='word_1_51' title='bbox 1980 3018 2197 3079; x_wconf 89' lang='lat' dir='ltr'>Veram</span> 
     </span>
     <span class='ocr_line' id='line_1_9' title="bbox 274 3118 2193 3201; baseline 0.003 -24"><span class='ocrx_word' id='word_1_52' title='bbox 274 3141 306 3178; x_wconf 93' lang='lat'>«</span> <span class='ocrx_word' id='word_1_53' title='bbox 332 3118 476 3198; x_wconf 84' lang='lat' dir='ltr'>(nisi</span> <span class='ocrx_word' id='word_1_54' title='bbox 511 3119 706 3201; x_wconf 84' lang='lat' dir='ltr'>fallor)</span> <span class='ocrx_word' id='word_1_55' title='bbox 737 3120 1192 3201; x_wconf 86' lang='lat' dir='ltr'>philosophiam</span> <span class='ocrx_word' id='word_1_56' title='bbox 1228 3134 1349 3183; x_wconf 88' lang='lat' dir='ltr'>non</span> <span class='ocrx_word' id='word_1_57' title='bbox 1389 3119 1736 3182; x_wconf 85' lang='lat' dir='ltr'>simulatam</span> <span class='ocrx_word' id='word_1_58' title='bbox 1773 3119 2193 3184; x_wconf 81' lang='lat' dir='ltr'>affectanteS.”</span> 
     </span>
     <span class='ocr_line' id='line_1_10' title="bbox 349 3222 2195 3304; baseline 0.001 -19"><span class='ocrx_word' id='word_1_59' title='bbox 349 3224 552 3287; x_wconf 90' lang='lat' dir='ltr'>Pauca</span> <span class='ocrx_word' id='word_1_60' title='bbox 575 3224 726 3295; x_wconf 89' lang='lat' dir='ltr'>haec</span> <span class='ocrx_word' id='word_1_61' title='bbox 748 3239 905 3304; x_wconf 90' lang='lat' dir='ltr'>quae</span> <span class='ocrx_word' id='word_1_62' title='bbox 937 3223 1115 3286; x_wconf 88' lang='lat' dir='ltr'>initio</span> <span class='ocrx_word' id='word_1_63' title='bbox 1143 3222 1286 3285; x_wconf 86' lang='lat' dir='ltr'>libri</span> <span class='ocrx_word' id='word_1_64' title='bbox 1323 3223 1766 3304; x_wconf 80' lang='lat' dir='ltr'>IDigestorum</span> <span class='ocrx_word' id='word_1_65' title='bbox 1806 3239 1881 3286; x_wconf 86' lang='lat' dir='ltr'>ex</span> <span class='ocrx_word' id='word_1_66' title='bbox 1916 3226 2195 3287; x_wconf 68' lang='lat' dir='ltr'>Unprmo</span> 
     </span>
     <span class='ocr_line' id='line_1_11' title="bbox 271 3326 2195 3408; baseline 0 -19"><span class='ocrx_word' id='word_1_67' title='bbox 271 3327 705 3405; x_wconf 87' lang='lat' dir='ltr'>desumuntur,</span> <span class='ocrx_word' id='word_1_68' title='bbox 775 3328 928 3391; x_wconf 86' lang='lat' dir='ltr'>satis</span> <span class='ocrx_word' id='word_1_69' title='bbox 983 3328 1108 3407; x_wconf 84' lang='lat' dir='ltr'>jam</span> <span class='ocrx_word' id='word_1_70' title='bbox 1188 3327 1482 3402; x_wconf 89' lang='lat' dir='ltr'>innuunt,</span> <span class='ocrx_word' id='word_1_71' title='bbox 1557 3342 1713 3408; x_wconf 88' lang='lat' dir='ltr'>quae</span> <span class='ocrx_word' id='word_1_72' title='bbox 1778 3326 1962 3390; x_wconf 84' lang='lat' dir='ltr'>fuerit</span> <span class='ocrx_word' id='word_1_73' title='bbox 2023 3343 2195 3392; x_wconf 90' lang='lat' dir='ltr'>mens</span> 
     </span>
     <span class='ocr_line' id='line_1_12' title="bbox 268 3429 2197 3512; baseline 0.001 -20"><span class='ocrx_word' id='word_1_74' title='bbox 268 3436 539 3493; x_wconf 87' lang='lat' dir='ltr'>veterum</span> <span class='ocrx_word' id='word_1_75' title='bbox 574 3437 925 3512; x_wconf 82' lang='lat' dir='ltr'>quantaque</span> <span class='ocrx_word' id='word_1_76' title='bbox 957 3446 1094 3495; x_wconf 89' lang='lat' dir='ltr'>cum</span> <span class='ocrx_word' id='word_1_77' title='bbox 1132 3429 1544 3495; x_wconf 88' lang='lat' dir='ltr'>sollicitudine</span> <span class='ocrx_word' id='word_1_78' title='bbox 1577 3432 1805 3495; x_wconf 92' lang='lat' dir='ltr'>bonum</span> <span class='ocrx_word' id='word_1_79' title='bbox 1836 3438 1898 3495; x_wconf 91' lang='lat' dir='ltr'>et</span> <span class='ocrx_word' id='word_1_80' title='bbox 1934 3446 2197 3511; x_wconf 87' lang='lat' dir='ltr'>aequum</span> 
     </span>
     <span class='ocr_line' id='line_1_13' title="bbox 269 3533 2198 3614; baseline -0.001 -16"><span class='ocrx_word' id='word_1_81' title='bbox 269 3533 736 3613; x_wconf 87' lang='lat' dir='ltr'>conjunxerint,</span> <span class='ocrx_word' id='word_1_82' title='bbox 799 3540 1020 3599; x_wconf 88' lang='lat' dir='ltr'>cuncta</span> <span class='ocrx_word' id='word_1_83' title='bbox 1071 3548 1247 3598; x_wconf 88' lang='lat' dir='ltr'>verae</span> <span class='ocrx_word' id='word_1_84' title='bbox 1293 3534 1724 3613; x_wconf 88' lang='lat' dir='ltr'>philosophiae</span> <span class='ocrx_word' id='word_1_85' title='bbox 1774 3538 2198 3614; x_wconf 86' lang='lat' dir='ltr'>superstruen-</span> 
     </span>
     <span class='ocr_line' id='line_1_14' title="bbox 269 3639 2195 3720; baseline -0.002 -15"><span class='ocrx_word' id='word_1_86' title='bbox 269 3646 382 3705; x_wconf 77' lang='lat' dir='ltr'>teS.</span> <span class='ocrx_word' id='word_1_87' title='bbox 472 3644 744 3717; x_wconf 83' lang='lat' dir='ltr'>Quorum</span> <span class='ocrx_word' id='word_1_88' title='bbox 805 3641 860 3704; x_wconf 93' lang='lat' dir='ltr'>si</span> <span class='ocrx_word' id='word_1_89' title='bbox 926 3640 1188 3720; x_wconf 84' lang='lat' dir='ltr'>vestigia</span> <span class='ocrx_word' id='word_1_90' title='bbox 1241 3655 1508 3719; x_wconf 88' lang='lat' dir='ltr'>premere</span> <span class='ocrx_word' id='word_1_91' title='bbox 1568 3639 1718 3702; x_wconf 91' lang='lat' dir='ltr'>mihi</span> <span class='ocrx_word' id='word_1_92' title='bbox 1770 3640 1985 3715; x_wconf 86' lang='lat' dir='ltr'>liceat,</span> <span class='ocrx_word' id='word_1_93' title='bbox 2033 3640 2195 3703; x_wconf 92' lang='lat' dir='ltr'>nihi-</span> 
     </span>
     <span class='ocr_line' id='line_1_15' title="bbox 266 3743 2190 3825; baseline -0.001 -18"><span class='ocrx_word' id='word_1_94' title='bbox 266 3746 534 3808; x_wconf 90' lang='lat' dir='ltr'>lominus</span> <span class='ocrx_word' id='word_1_95' title='bbox 613 3745 812 3821; x_wconf 91' lang='lat' dir='ltr'>omni,</span> <span class='ocrx_word' id='word_1_96' title='bbox 875 3760 996 3825; x_wconf 88' lang='lat' dir='ltr'>qua</span> <span class='ocrx_word' id='word_1_97' title='bbox 1067 3758 1177 3824; x_wconf 85' lang='lat' dir='ltr'>par</span> <span class='ocrx_word' id='word_1_98' title='bbox 1242 3749 1336 3806; x_wconf 90' lang='lat' dir='ltr'>cst</span> <span class='ocrx_word' id='word_1_99' title='bbox 1377 3743 1739 3825; x_wconf 85' lang='lat' dir='ltr'>diligentia,</span> <span class='ocrx_word' id='word_1_100' title='bbox 1786 3758 2034 3818; x_wconf 90' lang='lat' dir='ltr'>eorum,</span> <span class='ocrx_word' id='word_1_101' title='bbox 2082 3745 2190 3825; x_wconf 87' lang='lat' dir='ltr'>qui</span> 
     </span>
     <span class='ocr_line' id='line_1_16' title="bbox 263 3846 2191 3927; baseline 0.001 -18"><span class='ocrx_word' id='word_1_102' title='bbox 263 3848 344 3911; x_wconf 90' lang='lat' dir='ltr'>iis</span> <span class='ocrx_word' id='word_1_103' title='bbox 411 3848 837 3913; x_wconf 86' lang='lat' dir='ltr'>confusionem</span> <span class='ocrx_word' id='word_1_104' title='bbox 880 3846 1173 3927; x_wconf 87' lang='lat' dir='ltr'>imprimis</span> <span class='ocrx_word' id='word_1_105' title='bbox 1225 3847 1523 3926; x_wconf 90' lang='lat' dir='ltr'>imputant</span> <span class='ocrx_word' id='word_1_106' title='bbox 1570 3847 2001 3927; x_wconf 84' lang='lat' dir='ltr'>perscrutabor</span> <span class='ocrx_word' id='word_1_107' title='bbox 2047 3846 2191 3911; x_wconf 91' lang='lat' dir='ltr'>doc-</span> 
     </span>
     <span class='ocr_line' id='line_1_17' title="bbox 262 3949 2182 4033; baseline -0.002 -19"><span class='ocrx_word' id='word_1_108' title='bbox 262 3952 509 4028; x_wconf 89' lang='lat' dir='ltr'>trinam,</span> <span class='ocrx_word' id='word_1_109' title='bbox 561 3968 638 4016; x_wconf 91' lang='lat' dir='ltr'>ne</span> <span class='ocrx_word' id='word_1_110' title='bbox 659 3953 787 4033; x_wconf 83' lang='lat' dir='ltr'>jam</span> <span class='ocrx_word' id='word_1_111' title='bbox 830 3950 1175 4016; x_wconf 90' lang='lat' dir='ltr'>admonitus</span> <span class='ocrx_word' id='word_1_112' title='bbox 1215 3952 1277 4012; x_wconf 89' lang='lat' dir='ltr'>in</span> <span class='ocrx_word' id='word_1_113' title='bbox 1317 3949 1561 4014; x_wconf 89' lang='lat' dir='ltr'>eosdem</span> <span class='ocrx_word' id='word_1_114' title='bbox 1604 3966 1839 4014; x_wconf 87' lang='lat' dir='ltr'>errores</span> <span class='ocrx_word' id='word_1_115' title='bbox 1876 3949 2182 4029; x_wconf 86' lang='lat' dir='ltr'>prolabar.</span> 
     </span>
     <span class='ocr_line' id='line_1_18' title="bbox 261 4054 2189 4136; baseline -0.002 -17"><span class='ocrx_word' id='word_1_116' title='bbox 261 4058 464 4130; x_wconf 87' lang='lat' dir='ltr'>Quare</span> <span class='ocrx_word' id='word_1_117' title='bbox 521 4054 947 4136; x_wconf 85' lang='lat' dir='ltr'>praetermissa</span> <span class='ocrx_word' id='word_1_118' title='bbox 994 4055 1162 4119; x_wconf 92' lang='lat' dir='ltr'>vocis</span> <span class='ocrx_word' id='word_1_119' title='bbox 1208 4054 1606 4136; x_wconf 80' lang='lat' dir='ltr'>etymologia,</span> <span class='ocrx_word' id='word_1_120' title='bbox 1670 4068 1856 4134; x_wconf 87' lang='lat' dir='ltr'>quam</span> <span class='ocrx_word' id='word_1_121' title='bbox 1903 4054 2009 4117; x_wconf 90' lang='lat' dir='ltr'>alii</span> <span class='ocrx_word' id='word_1_122' title='bbox 2048 4070 2189 4118; x_wconf 87' lang='lat' dir='ltr'>cum</span> 
     </span>
     <span class='ocr_line' id='line_1_19' title="bbox 258 4156 2187 4243; baseline -0.001 -21"><span class='ocrx_word' id='word_1_123' title='bbox 258 4162 541 4243; x_wconf 68' lang='lat' dir='ltr'>Unprmo</span> <span class='ocrx_word' id='word_1_124' title='bbox 585 4176 620 4222; x_wconf 92' lang='lat' dir='ltr'>a</span> <span class='ocrx_word' id='word_1_125' title='bbox 668 4159 953 4235; x_wconf 79' lang='lat' dir='ltr'>Iustitia,</span> <span class='ocrx_word' id='word_1_126' title='bbox 1019 4158 1124 4220; x_wconf 90' lang='lat' dir='ltr'>alii</span> <span class='ocrx_word' id='word_1_127' title='bbox 1188 4173 1222 4219; x_wconf 90' lang='lat' dir='ltr'>a</span> <span class='ocrx_word' id='word_1_128' title='bbox 1273 4156 1442 4221; x_wconf 83' lang='lat' dir='ltr'>Jovis</span> <span class='ocrx_word' id='word_1_129' title='bbox 1488 4157 1731 4221; x_wconf 90' lang='lat' dir='ltr'>nomine</span> <span class='ocrx_word' id='word_1_130' title='bbox 1770 4172 1908 4221; x_wconf 90' lang='lat' dir='ltr'>cum</span> <span class='ocrx_word' id='word_1_131' title='bbox 1950 4159 2187 4221; x_wconf 70' lang='lat' dir='ltr'>Gnorro</span> 
     </span>
     <span class='ocr_line' id='line_1_20' title="bbox 260 4261 2188 4343; baseline -0.002 -17"><span class='ocrx_word' id='word_1_132' title='bbox 260 4269 367 4327; x_wconf 92' lang='lat' dir='ltr'>aut</span> <span class='ocrx_word' id='word_1_133' title='bbox 408 4280 444 4326; x_wconf 92' lang='lat' dir='ltr'>a</span> <span class='ocrx_word' id='word_1_134' title='bbox 480 4262 750 4343; x_wconf 88' lang='lat' dir='ltr'>jubendo</span> <span class='ocrx_word' id='word_1_135' title='bbox 805 4264 934 4327; x_wconf 88' lang='lat' dir='ltr'>sive</span> <span class='ocrx_word' id='word_1_136' title='bbox 976 4263 1159 4341; x_wconf 87' lang='lat' dir='ltr'>jussu</span> <span class='ocrx_word' id='word_1_137' title='bbox 1212 4261 1470 4326; x_wconf 87' lang='lat' dir='ltr'>derivari</span> <span class='ocrx_word' id='word_1_138' title='bbox 1513 4262 1887 4325; x_wconf 86' lang='lat' dir='ltr'>arbitrantur</span> <span class='ocrx_word' id='word_1_139' title='bbox 1930 4294 2011 4307; x_wconf 89' lang='grc'>--</span> <span class='ocrx_word' id='word_1_140' title='bbox 2038 4262 2188 4341; x_wconf 88' lang='lat' dir='ltr'>quid</span> 
     </span>
    </p>
   </div>
   <div class='ocr_carea' id='block_1_4' title="bbox 259 4365 2187 4538">
    <p class='ocr_par' dir='ltr' id='par_1_5' title="bbox 259 4365 2187 4538">
     <span class='ocr_line' id='line_1_21' title="bbox 259 4365 2187 4446; baseline -0.001 -14"><span class='ocrx_word' id='word_1_141' title='bbox 259 4369 419 4432; x_wconf 88' lang='lat' dir='ltr'>enim</span> <span class='ocrx_word' id='word_1_142' title='bbox 481 4368 772 4443; x_wconf 89' lang='lat' dir='ltr'>interest,</span> <span class='ocrx_word' id='word_1_143' title='bbox 843 4366 1001 4431; x_wconf 91' lang='lat' dir='ltr'>unde</span> <span class='ocrx_word' id='word_1_144' title='bbox 1058 4380 1275 4429; x_wconf 89' lang='lat' dir='ltr'>nomen</span> <span class='ocrx_word' id='word_1_145' title='bbox 1348 4366 1504 4445; x_wconf 87' lang='lat' dir='ltr'>juris</span> <span class='ocrx_word' id='word_1_146' title='bbox 1563 4365 1923 4442; x_wconf 87' lang='lat' dir='ltr'>descendat,</span> <span class='ocrx_word' id='word_1_147' title='bbox 2000 4382 2187 4446; x_wconf 85' lang='lat' dir='ltr'>quum</span> 
     </span>
     <span class='ocr_line' id='line_1_22' title="bbox 1878 4491 1908 4538; baseline 0 0"><span class='ocrx_word' id='word_1_148' title='bbox 1878 4491 1908 4538; x_wconf 87' lang='lat'>1</span> 
     </span>
    </p>
   </div>
  </div>
 </body>
</html>
