3128 5476
1820 693 1895 752 26

877 875 990 940 rali
1038 873 1217 939 modo
1263 889 1470 942 corum
1507 873 1847 940 nativitatis
1898 877 1961 936 et
2002 873 2365 936 necessitate
2402 873 2663 950 quadam
2708 889 2837 936 nan

881 987 1051 1043 turae
1091 979 1574 1044 constituuntur.

953 1085 1064 1146 Est
1091 1084 1208 1148 hoc
1237 1083 1551 1162 proprium
1598 1085 1851 1144 naturae
1878 1079 2169 1155 hominiS,
2204 1079 2313 1159 qui
2354 1080 2631 1145 actiones
2668 1095 2832 1144 suas

880 1186 1118 1251 ratione
1163 1192 1226 1251 et
1265 1186 1526 1251 consilio
1574 1184 1753 1264 regit,
1806 1188 1875 1246 ut
1920 1199 1995 1247 ex
2033 1183 2132 1246 sui
2180 1183 2541 1262 pracsertim
2585 1183 2837 1247 theore-

881 1293 1006 1356 tica
1041 1281 1414 1372 cognitione,
1456 1287 1605 1368 quid
1647 1287 2039 1368 repetendum
2068 1271 2495 1367 fugiendumve
2536 1287 2641 1364 sit,
2670 1288 2836 1368 quid

881 1395 1136 1458 honeste
1192 1392 1324 1456 fieri
1377 1397 1596 1474 queat,
1656 1390 1806 1472 quid
1858 1390 2159 1470 expediat,
2214 1389 2339 1454 fere
2396 1391 2534 1454 sine
2596 1405 2836 1472 magno

879 1498 1089 1562 labore
1145 1496 1489 1561 concludat.
1544 1481 1719 1559 Unde
1765 1509 1933 1560 more
1980 1499 2288 1574 receptum
2336 1493 2499 1574 apud
2547 1493 2833 1573 philoso-

880 1603 1064 1683 phOS,
1117 1606 1187 1664 ut
1228 1601 1540 1677 rationem,
1574 1600 1759 1661 aliam
1801 1599 2223 1674 theoreticam,
2276 1597 2463 1668 aliam
2490 1598 2835 1678 practicam

881 1706 1111 1784 dicant,
1157 1705 1260 1769 cui
1309 1703 1697 1784 cognitiones
1740 1701 2154 1782 respondeant
2188 1701 2433 1781 generis
2470 1701 2827 1783 utriusque.

886 1810 1004 1885 Qui
1047 1809 1237 1872 animi
1285 1809 1386 1872 sui
1437 1807 1678 1871 nativas
1728 1806 1903 1871 dotes
1955 1811 2018 1870 et
2066 1806 2415 1886 praeclaros
2466 1805 2618 1868 fines
2656 1807 2833 1886 cogi-

883 1917 1005 1989 tat,
1051 1913 1128 1976 ad
1185 1927 1342 1993 quos
1385 1911 1697 1976 hominem
1744 1915 1967 1974 natura
2014 1915 2079 1974 et
2134 1915 2387 1990 naturae
2423 1914 2637 1974 auctor
2687 1909 2833 1973 des·

885 2019 1142 2092 tinavit,
1231 2017 1398 2080 illico
1481 2015 1772 2095 intelligit
1836 2014 2011 2078 nefas
2093 2029 2231 2078 csse
2287 2013 2519 2077 homini
2594 2013 2831 2078 bestia-

885 2137 1020 2185 rum
1063 2135 1230 2186 more
1277 2119 1440 2202 affigi
1484 2119 1949 2184 oblectamentis
1982 2119 2186 2182 carnis
2233 2122 2295 2182 et
2334 2132 2653 2181 sensuum.
2699 2121 2829 2194 Qui

886 2220 1268 2288 communem
1329 2229 1644 2299 naturam,
1715 2237 2099 2288 communem
2149 2221 2553 2303 indigentiam
2580 2269 2597 2298 ,
2663 2237 2830 2286 com-

885 2343 1103 2392 munes
1147 2327 1544 2392 succurrendi
1586 2326 1909 2405 facultates
1960 2330 2233 2405 spectat,
2292 2341 2415 2390 non
2464 2330 2668 2405 potest
2698 2342 2831 2390 non

889 2431 1212 2513 colligere,
1259 2435 1540 2511 oportere
1568 2437 1637 2494 ut
1666 2430 1820 2494 alter
1860 2430 2037 2493 alteri
2058 2429 2367 2508 praesidio
2396 2430 2502 2505 sit,
2520 2429 2830 2494 'maxime-

889 2551 1009 2616 que
1051 2534 1389 2599 cavendum
1421 2550 1584 2610 esse,
1624 2550 1709 2598 nc
1745 2533 2145 2614 abrumpatur
2189 2534 2543 2612 conjunctio
2586 2534 2825 2598 animo-

889 2655 1048 2715 rum,
1077 2654 1262 2720 quam
1283 2639 1420 2718 ipsa
1443 2643 1667 2702 natura
1696 2638 1956 2718 primum
1986 2637 2359 2702 conciliavit.
2389 2638 2607 2702 Merito
2637 2638 2832 2719 igitur
2858 2623 2872 2637 ’

889 2759 926 2807 a
973 2744 1155 2808 nobis
1201 2742 1264 2807 id
1318 2742 1614 2807 statuitur
1646 2743 1909 2822 primum
1960 2742 2157 2807 omnis
2202 2743 2361 2822 juris
2411 2742 2821 2822 principium:

890 2866 1084 2914 verae
1141 2854 1204 2911 et
1259 2846 1562 2929 integrae
1630 2853 1913 2911 naturae
1975 2843 2298 2912 humanae
2360 2845 2829 2911 convenienter

888 2950 1261 3015 vivendum.
1316 2950 1493 3013 Illam
1543 2949 1695 3023 adeo
1742 2950 2145 3033 intelligimus
2194 2950 2463 3015 hominis
2506 2955 2821 3027 naturam,

891 3070 1076 3137 quam
1157 3057 1324 3119 Deus
1395 3054 1667 3119 hominis
1708 3056 1971 3117 'creator
2036 3059 2098 3117 et
2180 3053 2321 3118 finis
2384 3054 2638 3117 ultimus
2708 3068 2819 3119 seu

891 3173 1198 3225 summum
1253 3159 1520 3232 bonum,
1569 3152 1802 3221 homini
1843 3172 1981 3221 esse
2008 3158 2237 3232 voluit;
2287 3170 2501 3237 nempe
2541 3162 2822 3221 naturam

891 3267 1190 3343 quantum
1243 3262 1371 3325 fieri
1418 3266 1627 3341 potest
1666 3259 1999 3340 perfectam
2054 3277 2165 3325 seu
2222 3261 2509 3325 omnibus
2552 3262 2817 3326 hominis

890 3366 1294 3429 relationibus
1337 3365 1747 3441 naturalibuS,
1813 3366 1982 3429 nulla
2044 3380 2299 3445 prorsus
2344 3366 2811 3445 praetermissa,

891 3470 1214 3551 aptissime
1248 3474 1745 3535 consentaneam.
1792 3471 2025 3532 Harum
2066 3469 2340 3533 omnium
2384 3474 2652 3548 systema
2694 3475 2817 3532 tra-

891 3573 1034 3637 dere
1075 3578 1259 3654 atque
1305 3587 1607 3654 exponere
1654 3572 2025 3649 omittimuS,
2075 3578 2398 3653 propterea
2432 3572 2601 3655 quod
2638 3588 2817 3654 gene-

894 3677 1076 3740 ratim
1123 3677 1198 3741 de
1252 3678 1390 3755 jure
1431 3676 1794 3741 disserimus
1838 3692 1912 3739 ea
1958 3675 2269 3739 dumtaxat
2297 3678 2565 3753 ratione,
2620 3681 2686 3739 ut
2726 3677 2818 3739 in-

894 3781 1114 3844 timum
1139 3780 1486 3861 Religionis
1515 3796 1591 3845 ac
1618 3780 1866 3844 Ethices
1908 3794 2050 3844 cum
2078 3780 2215 3858 jure
2252 3795 2474 3844 nexum
2514 3780 2818 3845 illustrare

893 3900 968 3950 eo
1011 3884 1233 3948 melius
1277 3884 1617 3964 possimus,
1703 3883 1774 3947 Id
1826 3888 2087 3947 attamen
2144 3888 2285 3949 ante
2347 3886 2555 3949 omnia
2614 3883 2819 3947 admo-

893 3987 1160 4053 nendum
1189 4004 1542 4065 censemus,
1600 3987 1800 4069 quod,
1857 3987 2003 4069 quia
2050 3987 2255 4067 plures
2292 3988 2474 4053 nobis
2520 3988 2819 4069 propositi

896 4096 1046 4155 sunt
1106 4091 1257 4155 fines
1323 4091 1712 4172 propriores,
1786 4107 1999 4156 eorum
2048 4090 2195 4157 ordo
2268 4091 2515 4173 quidam
2562 4093 2817 4173 cogitari

897 4195 1149 4271 debeat,
1220 4208 1342 4277 quo
1403 4195 1560 4258 alter
1619 4196 1823 4259 alteri·
1853 4201 2123 4275 praestat
2160 4196 2255 4259 vel
2314 4195 2540 4275 subjici
2604 4195 2812 4269 debet;

899 4314 1096 4380 neque
1135 4300 1296 4364 enim
1324 4298 1647 4365 infirmitas
1684 4300 1905 4364 virium
1939 4306 2282 4365 nostrarum
2304 4316 2501 4382 neque
2525 4306 2815 4380 tempora,
