3128 5476
361 939 665 1020 quomodo
742 940 973 1006 homini
1035 942 1180 1006 ordo
1249 944 1378 1007 sive
1445 944 1542 1008 lex
1598 944 1843 1007 moralis
1892 943 2286 1024 innotescit?

360 1045 626 1131 Ratione
687 1045 970 1109 nimirum
1020 1051 1079 1109 et
1125 1046 1522 1112 conscientia.

443 1147 820 1212 Perdifficilis
850 1150 966 1212 hac
991 1149 1066 1212 de
1101 1165 1165 1213 re
1209 1150 1366 1213 inter
1408 1149 1812 1231 philosophos
1860 1151 2129 1231 agitatur
2160 1152 2285 1215 dis-

361 1251 649 1330 ceptatio.
750 1254 905 1316 Sunt
953 1252 1077 1332 qui¹
1113 1254 1442 1333 opinantur
1480 1255 1675 1318 Deum
1720 1253 1949 1318 homini
1992 1252 2286 1318 tribuisse

361 1355 741 1421 solummodo
783 1356 1077 1420 rationem
1099 1362 1162 1422 et
1199 1357 1262 1421 in
1290 1372 1362 1421 ea
1404 1358 1558 1440 legis
1604 1357 2065 1439 cognoscendae
2096 1357 2286 1421 facul-

359 1463 548 1523 tatem
571 1459 997 1539 hominemque
1025 1475 1134 1539 per
1157 1462 1577 1542 semetipsum,
1598 1463 1731 1526 sola
1750 1462 2060 1524 dumtaxat
2080 1460 2285 1525 reflec-

359 1561 526 1626 tione
549 1563 626 1625 ad
659 1578 972 1643 corporea,
998 1564 1061 1625 in
1089 1565 1439 1645 explicitam
1460 1565 1617 1645 legis
1658 1564 2068 1646 cognitionem
2111 1563 2284 1629 deve-

358 1665 490 1728 nire
520 1681 723 1744 posse.
758 1667 880 1729 Alii
911 1667 1132 1731 docent
1149 1668 1346 1748 legem
1363 1669 1703 1732 naturalem
1720 1672 1827 1731 aut
1854 1668 2069 1731 saltem
2090 1668 2285 1746 prima

357 1774 419 1832 et
472 1769 850 1850 generaliora
889 1771 1024 1849 ejus
1068 1770 1393 1850 principia,
1437 1786 1574 1834 esse
1613 1771 1883 1834 innatam
1904 1819 1920 1847 ,
1963 1771 2048 1833 ita
2083 1777 2282 1834 tamen
2380 1847 2385 1854 Ι

358 1878 446 1949 ut,
479 1873 666 1937 veluti
708 1874 964 1954 ipsamet
1020 1875 1207 1950 ratio,
1273 1875 1538 1955 primum
1578 1874 1660 1936 sit
1708 1873 1771 1936 in
1816 1874 2058 1938 homine
2104 1875 2283 1952 quasi

355 1991 520 2038 mera
548 1977 820 2056 potentia
865 1977 1186 2057 consopita
1236 1983 1300 2041 et
1339 1978 1526 2041 iners.
1569 1977 1957 2040 Arbitrantur
1982 1978 2285 2041 hominem

355 2079 590 2159 absque
621 2080 744 2143 ullo
791 2080 1159 2143 adminiculo
1196 2079 1515 2158 cujusdam
1557 2086 1838 2144 externae
1875 2081 2281 2145 institutionis

354 2186 574 2260 sponte
609 2198 744 2258 sua,
791 2183 926 2247 sola
963 2183 1025 2246 vi
1070 2183 1332 2246 naturali
1383 2183 1727 2247 intellectus
1748 2231 1765 2259 ,
1798 2184 1876 2246 ad
1900 2184 2199 2248 actualem
2224 2190 2285 2248 et

353 2285 702 2365 explicitam
744 2286 901 2366 legis
949 2286 1362 2367 cognitionem
1404 2287 1603 2350 attolli
1642 2301 1848 2366 posse.
1936 2289 2024 2349 Ex
2074 2303 2283 2350 eorum

353 2388 645 2467 opinione
691 2389 1056 2468 quicumque
1091 2390 1349 2454 rationis
1371 2393 1468 2453 est
1489 2404 1762 2469 compoS,
1790 2388 2037 2452 omnino
2067 2390 2281 2454 insons

353 2508 474 2558 non
516 2483 658 2569 erit,‘
696 2493 752 2556 si
781 2494 976 2575 legem
1013 2498 1266 2556 naturae
1295 2498 1402 2556 aut
1442 2493 1661 2556 saltem
1692 2493 1887 2572 prima
1927 2496 1989 2555 et
2026 2507 2279 2574 genera-

352 2597 507 2661 liora
541 2598 676 2678 eJ‘us
719 2598 1021 2678 principia
1053 2598 1294 2678 ignoret
1311 2598 1408 2661 vel
1437 2603 1648 2661 contra
1686 2611 1819 2659 eam
1848 2598 2061 2678 egerit;
2096 2596 2280 2659 etiam

353 2701 409 2765 si
461 2702 536 2765 ab
594 2702 730 2783 ipsa
778 2701 1040 2765 infantia
1092 2707 1260 2766 extra
1315 2717 1490 2767 omne
1551 2716 1689 2766 cum
1740 2700 1881 2763 aliis
1927 2699 2277 2766 hominibus

351 2807 773 2871 commercium
813 2807 1144 2872 adoleverit
1187 2812 1294 2871 aut
1331 2807 1396 2870 in
1435 2807 1573 2887 ipsa
1620 2806 1912 2871 societate
1956 2804 2179 2869 surdus
2220 2810 2283 2868 et

349 2917 556 2975 mutus
599 2911 923 2977 sufficienti
947 2911 1334 2976 institutione
1361 2911 1652 2974 caruerit.
1696 2908 1961 2972 Tandem
1978 2909 2276 2973 recentio-

351 3031 450 3081 res
491 3027 614 3079 non
652 3016 836 3095 pauci
877 3015 1248 3081 concordant
1296 3030 1435 3079 cum
1487 3012 1995 3094 praecedentibus
2041 3018 2101 3075 et
2141 3013 2276 3093 pari

349 3118 587 3182 ratione
637 3134 709 3182 ac
765 3118 885 3199 ipsi
948 3118 1326 3200 profitentur,
1381 3118 1578 3198 legem
1618 3120 1871 3179 naturae
1914 3131 2053 3179 esse
2104 3116 2274 3179 inna-

351 3228 506 3298 tam;
555 3222 659 3285 sed
737 3228 950 3286 contra
1017 3224 1188 3302 ipsos
1254 3220 1471 3285 solidis
1541 3220 1919 3301 argumentis
1971 3219 2275 3283 sustinere

349 3326 647 3401 nituntur,
710 3326 1016 3391 hominem
1063 3327 1128 3389 in
1165 3326 1464 3389 actualem
1498 3330 1560 3387 et
1602 3323 1951 3403 explicitam
2002 3322 2275 3401 ejusdem

349 3430 762 3511 cognitionem
796 3429 1158 3493 naturaliter
1191 3444 1314 3493 non
1377 3427 1682 3503 devenire,
1745 3425 1869 3489 nisi
1923 3426 2270 3491 necessario

349 3533 718 3597 adminiculo
753 3534 1070 3613 eujusdam
1108 3538 1389 3597 externae
1439 3530 1821 3595 educationis
1871 3534 1977 3592 aut
2025 3530 2271 3594 institu-

348 3638 560 3713 tionis,
613 3639 698 3699 ita
745 3643 832 3714 ut,
906 3638 1012 3717 qui
1045 3637 1250 3701 ‘fuerit
1303 3634 1380 3697 ab
1427 3634 1592 3698 omni
1638 3645 1775 3697 cum
1816 3632 1915 3694 sui
1963 3632 2269 3695 similibus

349 3742 706 3806 commercio
765 3756 1004 3821 semper
1062 3740 1300 3804 alienus
1323 3787 1339 3814 ,
1399 3738 1581 3817 culpa
1619 3741 1795 3801 vacet
1831 3736 2027 3817 legem
2094 3737 2265 3817 igno-

349 3843 538 3908 rando
583 3845 904 3908 autetiam
947 3849 1158 3909 contra
1200 3858 1333 3907 eam
1367 3840 1625 3923 agendo.
1658 3839 1880 3905 Verunl
1922 3840 2039 3903 etsi
2081 3840 2266 3904 fatea-

346 3964 486 4011 mur
549 3947 996 4012 institutionem
1032 3963 1146 4027 ope
1191 3928 1490 4011 sermonis
1549 3943 1957 4008 enucleandae
2010 3943 2267 4007 rationis

345 4051 612 4115 medium
647 4066 785 4115 esse
824 4052 1231 4131 aptissimum,
1285 4048 1660 4114 ordinarium
1700 4053 1762 4110 et
1794 4047 2097 4123 naturale,
2144 4062 2266 4111 non
2320 4086 2333 4097 -

349 4156 435 4217 ita
481 4159 713 4218 certum
757 4154 938 4219 nobis
985 4152 1244 4230 videtur,
1288 4168 1434 4217 num
1475 4154 1560 4216 sit
1602 4151 1869 4215 medium
1914 4149 2160 4214 unicum
2205 4156 2267 4214 et

347 4258 784 4323 necessarium.
841 4258 1226 4339 Experientia
1284 4258 1508 4322 etenim
1551 4256 1888 4332 enituntur,
1937 4270 2091 4335 quae
2145 4256 2266 4319 huc

349 4362 692 4427 referuntur
733 4367 1118 4445 argumenta;
1150 4367 1266 4437 ast,
1319 4376 1505 4441 quum
1542 4360 1700 4425 facta
1739 4376 1850 4426 nec
1872 4362 2025 4425 satis
2054 4372 2263 4423 nume-
