3128 5476
1850 674 1923 730 32

919 885 1039 934 »ne
1082 869 1168 932 lui
1225 869 1412 932 servit
1449 869 1522 931 de
1579 869 1794 932 hase.'‘
1827 888 1843 912 ι
1911 871 2194 932 Humana
2240 869 2527 932 nimirum
2586 872 2891 936 societas

913 990 1111 1038 mores
1170 979 1232 1037 et
1293 973 1536 1054 Religio
1600 975 1683 1035 ita
1734 974 2016 1038 rationali
2060 974 2327 1038 hominis
2371 974 2697 1040 inhaerent
2745 991 2885 1038 na-

915 1085 1119 1154 turae,
1198 1084 1264 1141 ut
1329 1078 1509 1141 simul
1572 1093 1643 1142 ac
1697 1079 2050 1142 indesinens
2109 1076 2425 1142 felicitatis
2468 1077 2877 1141 desiderium

915 1183 1144 1244 nullam
1209 1183 1454 1246 omnino
1529 1183 1945 1262 exceptionem
2009 1184 2341 1262 patiantur.
2449 1184 2649 1256 Quare
2710 1198 2883 1246 cum

912 1289 1144 1350 Tuccio
1191 1285 1533 1350 dicendum.
1588 1289 1726 1349 »De
1769 1301 1891 1366 quo
1930 1291 2129 1349 autem
2158 1286 2431 1350 omnium
2459 1291 2680 1349 natura
2708 1303 2880 1351 con-

917 1409 948 1446 >›
967 1391 1176 1465 sentit,
1236 1389 1298 1452 id
1344 1406 1550 1453 verum
1598 1405 1737 1454 esse
1776 1405 2028 1454 necesse
2072 1394 2233 1455 est.”
2262 1398 2283 1423 ²
2369 1393 2594 1454 Verum
2646 1404 2877 1452 errare

915 1494 1247 1556 humanum
1289 1498 1404 1570 est,
1475 1509 1589 1558 nec
1641 1493 1971 1569 miramur,
2020 1494 2183 1573 quod
2218 1495 2281 1556 in
2320 1493 2703 1574 inquirendis
2754 1509 2870 1558 or-

913 1598 1079 1661 dinis
1153 1597 1404 1662 moralis
1452 1598 1695 1678 legibus
1743 1598 1957 1678 eisque
2012 1597 2203 1660 variis
2254 1604 2594 1676 temporum
2638 1612 2866 1662 ncces-

915 1699 1204 1764 sitatibus
1249 1700 1633 1780 applicandis
1684 1702 1961 1765 homiues
2006 1717 2043 1764 a
2078 1716 2217 1766 vero
2262 1716 2699 1782 saepenumero
2748 1700 2864 1762 de-

915 1805 1178 1869 flectant.
1266 1804 1487 1868 Eadem
1555 1821 1705 1868 sane
1778 1805 2012 1897 ratione
2080 1805 2439 1884 praesertim
2482 1805 2725 1885 antiqui
2784 1804 2861 1866 in

913 1897 1275 1990 indagandis
1352 1908 1627 1988 physicis
1698 1908 1943 1989 legibus
2016 1909 2323 1972 erroribus
2384 1909 2551 1972 suere
2594 1908 2859 1972 obnoxii

821 1995 835 2008 ”
913 2027 1024 2077 nec
1057 2023 1258 2077 tamen
1294 2028 1496 2076 rerum
1523 2018 1739 2074 natura
1770 2018 2089 2092 propterea
2120 2018 2350 2075 mutata
2389 2011 2505 2075 fuit
2523 2013 2861 2093 ordinique

911 2115 1126 2180 morali
1193 2117 1460 2178 humana
1537 2115 1814 2179 homines
1887 2117 2154 2196 cogitata
2226 2115 2500 2180 sufficere
2565 2123 2847 2196 potuere.

913 2223 1228 2284 Caeterum
1294 2220 1642 2310 nullatenus
1706 2219 1887 2282 nobis
1930 2235 2129 2284 sermo
2166 2226 2262 2283 est
2308 2221 2381 2283 de
2422 2221 2613 2284 variis
2662 2221 2857 2283 ctiam

909 2323 1315 2387 recentiorum
1363 2323 1645 2402 placitis,
1695 2339 1879 2403 quum
1924 2325 2051 2402 jam
2096 2331 2359 2404 tempore
2414 2327 2750 2389 C1cunorus
2784 2327 2853 2387 in

913 2427 1217 2490 infinitum
1245 2432 1631 2490 excurrerent
1670 2442 1927 2507 eumque
1958 2429 2019 2490 in
2049 2426 2533 2507 desperationem
2566 2437 2844 2511 agerent.

913 2529 1368 2604 »PerdifficiliS‚
1435 2530 1555 2604 ait,
1619 2535 1677 2592 et
1730 2531 2103 2609 perobscura
2152 2533 2431 2610 quaestio
2476 2538 2575 2596 est
2614 2531 2688 2596 de
2738 2549 2849 2596 na-

912 2641 1098 2698 »tura
1147 2637 1412 2699 Deorum
1427 2683 1636 2696 ......
1677 2634 1750 2698 de
1796 2650 1917 2715 qua
1970 2639 2094 2695 tam
2130 2635 2335 2699 variae
2377 2642 2523 2698 sunt
2554 2637 2845 2701 doctissi-

910 2754 1196 2803 »morum
1275 2737 1594 2801 hominum
1676 2744 1921 2820 tamque
1986 2737 2405 2819 discrepantes
2460 2742 2840 2820 sententiae,

911 2848 1035 2906 »ut
1067 2846 1420 2922 argumento
1461 2855 1599 2904 esse
1645 2841 1863 2904 debeat
1902 2858 2176 2920 causam,
2234 2844 2296 2906 id
2338 2850 2436 2907 est
2466 2846 2849 2926 principium

911 2946 1390 3035 »philosophiae
1428 2961 1566 3009 esse
1601 2946 2059 3009 inscientiam.’'
2086 2962 2105 2989 ⁸
2155 2948 2581 3013 Invincibilem
2610 2955 2840 3029 tamen,

906 3057 976 3113 ut
1001 3050 1180 3115 modo
1231 3050 1518 3126 diximuS‚
1557 3050 1986 3129 primariorum
2034 3050 2269 3113 ordinis
2320 3053 2571 3116 moralis
2609 3054 2845 3134 princi-

907 3154 1150 3233 piorum
1213 3154 1623 3235 ignorantiam
1674 3169 1797 3217 non
1858 3154 2257 3217 admittimus».
2355 3159 2482 3220 Nec
2528 3160 2715 3221 etiam
2766 3159 2845 3223 de

909 3256 1165 3336 speciali
1229 3257 1436 3337 aliqua
1484 3256 1808 3337 Religione
1870 3259 2317 3336 contendimus,
2380 3261 2487 3323 sed
2530 3261 2593 3325 id
2648 3279 2845 3327 unum

909 3360 971 3422 in
1043 3361 1247 3423 animo
1294 3360 1625 3436 hahemuS,
1692 3367 1763 3423 ut
1812 3361 2320 3439 demonstremuS,
2382 3366 2546 3446 quod
2592 3368 2843 3450 Religio

907 3464 1322 3528 necessarium
1363 3463 1448 3526 sit
1485 3468 1547 3526 et
1584 3478 1819 3527 morum
1854 3469 1915 3527 et
1957 3466 2159 3547 legum
2204 3468 2601 3547 praesidium.
2690 3474 2842 3535 Uni-

903 3568 1137 3631 versale
1201 3567 1504 3648 siquidem
1559 3568 1717 3631 inter
1762 3568 2041 3632 homines
2084 3569 2395 3633 vinculum
2428 3574 2671 3655 Religio
2715 3583 2837 3650 est.

905 3674 1073 3735 Haec
1113 3670 1324 3735 doctos
1361 3678 1422 3734 et
1468 3670 1781 3747 indoctoS‚
1805 3677 2121 3752 magnates
2150 3679 2211 3736 et
2233 3674 2447 3755 inopes
2478 3692 2681 3755 coram
2708 3682 2843 3745 Deo

907 3774 1213 3839 communi
1276 3774 1545 3837 omnium
1589 3781 1758 3853 patre
1812 3776 2098 3855 aequales
2151 3792 2289 3841 esse
2338 3783 2635 3856 testatum
2687 3784 2843 3847 haec

907 3875 1392 3942 misericordiam
1463 3878 1683 3941 divites
1708 3926 1723 3953 ‚
1792 3879 2151 3958 patientiam
2220 3898 2551 3962 pauperes·
2584 3885 2835 3963 edocet,

909 3982 1149 4045 illorum
1187 3979 1539 4061 superbiam
1583 3979 1898 4060 deprimit,
1951 3983 2167 4047 horum
2211 4000 2382 4065 spem
2430 3988 2633 4070 erigit;
2688 3991 2840 4055 hacc

975 4144 991 4167 ¹
1034 4142 1176 4191 Cont.
1213 4136 1371 4189 Social
1405 4140 1510 4189 Liv.
1548 4140 1638 4189 111
1672 4140 1810 4205 ehap.
1848 4114 1893 4190 a.

971 4238 989 4262 ²
1029 4232 1102 4280 De
1133 4232 1252 4280 Nat.
1287 4232 1432 4280 Deor.
1471 4231 1512 4279 L
1546 4230 1603 4290 Ι,
1641 4246 1727 4295 cap
1765 4232 1844 4283 17.

973 4324 992 4347 ³
1031 4323 1102 4370 De
1136 4320 1254 4371 Nat.
1291 4322 1434 4369 Deor.
1471 4321 1512 4369 L
1548 4318 1603 4380 1,
1642 4336 1727 4385 cap
1763 4322 1809 4370 1.
