3128 5476
1914 705 1987 762 48

988 910 1135 972 ralis
1171 908 1473 998 rationem
1527 909 1683 988 legis
1734 923 1854 972 non
1919 907 2137 982 habet,
2202 907 2308 970 sed
2358 907 2579 970 infiniti
2637 909 2920 971 attributi

985 1012 1201 1077 divini.
1304 1015 1564 1088 «Hanc,
1658 1018 1725 1074 ut
1808 1013 1896 1074 ait
1970 1013 2281 1086 Tunius,
2335 1009 2513 1074 video
2588 1013 2917 1091 sapientis-

988 1117 1333 1180 »simorum
1409 1115 1606 1179 fuisse
1678 1115 2073 1191 sententiam,
2139 1115 2335 1195 legem
2394 1116 2915 1194 nequeihominis

986 1219 1306 1300 »ingeniis
1365 1219 1775 1300 excogitatam
1818 1234 1931 1286 nec
1976 1219 2199 1284 scitum
2249 1218 2503 1298 aliquod
2559 1233 2696 1283 esse
2717 1235 2918 1299 popun

987 1341 1017 1378 »
1039 1323 1266 1398 lorum;
1312 1319 1425 1386 sed
1455 1327 1769 1386 aeternum
1808 1321 2095 1401 quiddam
2118 1369 2133 1398 ,
2170 1320 2333 1400 quod
2357 1321 2709 1385 universum
2739 1339 2916 1386 mun-

983 1425 1176 1488 »dum
1213 1431 1470 1507 regeret,
1524 1422 1863 1504 imperandi
1906 1423 2397 1504 prohibendique
2428 1425 2756 1504 sapientia.
2815 1429 2915 1489 Ita
2954 1463 2959 1468 ·

981 1529 1372 1609 »principem
1464 1529 1661 1609 legem
1736 1528 1903 1591 illam
1942 1534 2003 1591 et
2076 1528 2355 1590 ultimam
2436 1534 2696 1592 mentem
2768 1545 2913 1592 esse

981 1632 1350 1708 »dicebant,
1427 1632 1633 1696 omnia
1687 1631 1923 1695 ratione
1971 1636 2079 1693 aut
2137 1630 2412 1712 cogentis
2477 1636 2585 1692 aut
2645 1633 2910 1718 vetantis

980 1756 1012 1794 »
1031 1738 1173 1801 Dei:
1259 1753 1330 1800 ex
1409 1752 1531 1816 qua
1596 1736 1703 1798 illa
1770 1736 1897 1811 leX,
1974 1750 2157 1814 quam
2218 1735 2319 1797 Dii
2374 1736 2581 1816 generi
2642 1737 2910 1802 humano

975 1840 1339 1914 »dederunt,
1375 1845 1534 1904 recte
1580 1844 1677 1902 est
1722 1837 1967 1902 laudata
1984 1888 2153 1900 .....
2196 1840 2342 1900 Erat
2376 1839 2538 1901 enim
2578 1841 2739 1904 ratio
2766 1857 2921 1921 pro·-

976 1944 1186 2008 >›fecta
1233 1961 1269 2006 a
1316 1959 1516 2007 rerum
1555 1947 1774 2006 natura
1814 1948 1877 2006 et
1921 1942 1999 2004 ad
2024 1948 2183 2006 recte
2213 1940 2563 2007 faciendum
2586 1943 2909 2024 impellens

977 2053 1089 2112 »et
1139 2063 1178 2110 a
1221 2046 1445 2111 delicto
1500 2062 1801 2121 avocanS,
1850 2060 2009 2125 quae
2046 2061 2169 2108 non
2214 2051 2343 2107 tum
2386 2045 2653 2126 denique
2689 2047 2913 2127 incipit

976 2152 1122 2216 »lex
1162 2166 1337 2227 esse,
1388 2167 1578 2230 quum
1624 2150 1854 2229 scripta
1900 2155 2028 2225 est,
2072 2149 2178 2213 sed
2209 2154 2359 2226 tum,
2408 2166 2598 2228 quum
2622 2157 2755 2214 orta
2782 2159 2902 2215 est.

977 2259 1177 2320 »orta
1232 2259 1432 2318 autem
1485 2254 1675 2317 simul
1725 2259 1820 2317 est
1877 2269 2017 2317 cum
2080 2245 2279 2316 m‘ente
2328 2252 2559 2317 divina.
2608 2256 2909 2330 Quamob-

977 2375 1154 2422 »rem
1203 2359 1299 2421 lex
1357 2373 1499 2422 vera
1550 2362 1734 2437 atque
1796 2356 2081 2436 princeps
2141 2361 2283 2436 apta
2322 2357 2398 2419 ad
2443 2357 2778 2436 jubendum
2842 2366 2911 2422 et
2960 2423 2971 2434 ,

977 2461 1355 2527 »vetandum
1419 2461 1577 2524 ratio
1618 2465 1713 2524 est
1746 2465 1912 2524 recta
1960 2460 2183 2524 summi
2227 2461 2467 2524 Jovis.'’
2498 2473 2519 2502 ²
2567 2462 2915 2526 Existentia

976 2566 1170 2648 igitur
1209 2563 1444 2628 ordinis
1485 2564 1737 2627 moralis
1778 2563 1857 2627 ab
1884 2569 2130 2630 aeterno
2170 2579 2309 2630 esse
2352 2565 2666 2646 colligitur
2690 2581 2913 2632 neces-

976 2669 1143 2737 saria
1203 2673 1387 2751 atque
1451 2667 1887 2743 immutabilis,
1936 2671 2004 2730 ut
2056 2667 2315 2748 ipsemet
2362 2671 2550 2734 Deus,
2634 2671 2858 2734 Verum
2888 2720 2907 2748 ‚

977 2787 1135 2853 quae
1181 2774 1304 2837 huc
1357 2777 1659 2852 spectant,
1708 2774 1835 2852 jam
1882 2772 2185 2852 superiori
2246 2774 2445 2853 capite
2492 2774 2647 2838 satis
2694 2789 2908 2855 super-

983 2892 1102 2956 que
1159 2876 1643 2951 illustravimus,
1690 2890 1877 2955 quare
1926 2875 2099 2941 hisce
2152 2892 2276 2942 non
2322 2878 2743 2954 inhaeremUS,
2796 2880 2914 2944 sed

975 2980 1052 3043 ad
1107 2982 1364 3044 alterum
1398 2980 1556 3061 legis
1596 2979 1969 3060 principium
2009 2981 2363 3046 transimus.
2412 2985 2545 3047 Hoc
2583 2988 2701 3058 est,
2738 2982 2911 3061 quod

973 3084 1347 3165 principium
1397 3083 1771 3163 cognitionis
1810 3088 2065 3147 vocatur
2106 3085 2390 3166 quodque
2434 3086 2731 3151 rationem
2762 3102 2908 3166 pro-

976 3189 1131 3263 fert,
1187 3204 1310 3267 qua
1350 3188 1448 3252 lex
1482 3189 1781 3251 naturalis
1837 3188 2193 3253 hominibus
2250 3190 2617 3254 innotescat.
2673 3189 2741 3253 Id
2796 3188 2909 3253 du-

973 3292 1124 3372 plici
1175 3292 1410 3355 ratione
1460 3292 1663 3355 locum
1718 3290 1934 3367 habet,
1994 3296 2179 3371 atque
2222 3293 2372 3357 adeo
2418 3293 2641 3373 duplex
2684 3292 2908 3358 distin-

976 3395 1186 3476 guitur
1243 3394 1617 3477 cognitionis
1678 3394 2072 3475 principium.
2158 3397 2431 3461 Alterum
2500 3403 2596 3461 est
2656 3396 2907 3487 subjec-

977 3501 1166 3564 tivum
1192 3546 1207 3576 ‚
1256 3499 1517 3563 facultas
1571 3498 1679 3560 illa
1730 3498 2003 3575 scilicet,
2052 3516 2173 3579 qua
2234 3501 2331 3564 lex
2385 3502 2685 3566 naturalis
2734 3501 2913 3567 inno-

976 3603 1160 3667 tescit
1227 3608 1443 3682 estque
1515 3602 1782 3665 humana
1848 3603 2005 3667 ratio
2068 3619 2206 3667 cum
2258 3604 2533 3683 ejusdem
2594 3621 2711 3667 usu
2760 3620 2909 3669 con-

970 3706 1219 3785 iuncta3
1291 3707 1547 3770 alterum
1610 3710 1705 3769 est
1772 3705 2175 3784 objectivum,
2238 3699 2651 3786 quod‘voeari
2698 3714 2909 3788 potest

976 3809 1348 3890 principium
1367 3809 1961 3890 comprehensionis,
1990 3816 2379 3890 praeceptum
2404 3812 2688 3877 videlicet
2711 3812 2910 3891 quod--

973 3913 1112 3976 dam
1161 3913 1428 3993 primum
1467 3919 1530 3977 et
1576 3913 2147 3995 generalissimum,
2216 3914 2280 3979 in
2339 3930 2459 3994 quo
2496 3916 2699 3980 omnia
2725 3932 2907 3995 prae-

973 4024 1152 4098 cepta
1197 4018 1659 4093 contineantur,
1714 4017 1998 4097 quodque
2040 4018 2154 4095 sit,
2204 4024 2273 4082 ut
2313 4020 2401 4083 ait
2440 4024 2905 4097 ΗΕῙΝΝΕαοιυε,

972 4120 1160 4187 veluti
1223 4122 1382 4201 lapis
1447 4120 1648 4201 lydius
1726 4126 1789 4184 et
1852 4128 2097 4187 actuum
2190 4124 2515 4191 moralium
2584 4140 2903 4191 mensura.

1041 4360 1059 4386 ²
1085 4355 1170 4414 Do
1200 4353 1342 4420 legib.
1379 4354 1436 4406 L.
1473 4348 1558 4416 11',
1596 4370 1699 4421 cap.
1734 4358 1783 4406 4.
