3128 5476
1323 717 1387 777 kl

357 922 594 995 dicta,
645 921 922 996 avaritia,
967 920 1192 996 libido,
1255 921 1530 1004 ingratus
1579 923 1845 989 animus‘
1878 931 1939 990 et
2004 925 2320 990 innumera

361 1027 548 1090 vitia
581 1030 644 1090 et
683 1025 963 1102 crimina,
1017 1041 1176 1108 quae
1219 1025 1377 1089 intra
1421 1025 1757 1092 domestica
1800 1026 2017 1091 limina
2041 1026 2322 1093 foventur

379 1136 458 1194 et
495 1133 835 1211 patrantur.
893 1131 1088 1195 Atheo
1134 1130 1302 1193 nulla
1347 1134 1445 1194 est
1479 1131 1636 1210 justi
1691 1137 1755 1197 et
1795 1131 2032 1211 injusti,
2076 1132 2319 1197 honesti

389 1239 458 1298 et
525 1234 832 1298 inhonesti
878 1232 1174 1297 naturalis
1199 1233 1558 1309 differentia,
1611 1234 1720 1300 sed
1761 1234 2025 1300 utilitate
2070 1241 2179 1298 aut
2214 1249 2321 1300 vo-

387 1337 630 1418 luptate
701 1337 920 1403 omnia·
956 1336 1221 1402 dimetiri
1269 1343 1531 1402 constat.
1616 1338 1747 1420 Ipsi
1790 1337 2108 1420 legislator
2153 1338 2321 1404 nullo

388 1442 582 1522 potiri
596 1447 798 1522 potest
817 1456 960 1506 vero
977 1441 1114 1521 jure
1138 1441 1496 1523 imperandi.
1512 1442 1672 1518 Quid
1692 1440 1933 1507 demum
1952 1441 2185 1523 ipsiius
2200 1445 2315 1518 est;

389 1545 521 1610 nisi
547 1545 651 1625 jus
673 1561 784 1610 seu
809 1545 1018 1626 potius
1041 1546 1140 1610 vis¹
1159 1545 1462 1612 fortioris?
1501 1545 1746 1629 Religio
1774 1550 2010 1624 contra,
2037 1546 2093 1610 si
2118 1545 2324 1611 omnia

389 1664 521 1713 non
585 1649 870 1714 cohibeat
927 1648 1221 1726 crimina,
1293 1665 1444 1716 sane
1502 1650 1767 1730 plurima
1822 1649 2105 1726 cohibet,
2165 1663 2324 1730 quae

391 1753 682 1833 impietas
719 1751 1008 1818 cohibere
1035 1768 1156 1819 non
1182 1752 1365 1831 valet,
1399 1753 1583 1836 idque
1624 1752 1870 1830 sufficit,
1918 1757 1989 1818 ut
2012 1767 2147 1818 eam
2168 1758 2323 1816 tam-

385 1871 581 1939 quam
642 1855 1136 1938 ingentissimam
1192 1856 1556 1924 beneficium
1616 1871 1991 1922 veneremur.
2074 1855 2324 1920 Tristis·

389 1961 554 2024 sima
594 1959 758 2042 quod
791 1960 847 2024 si
887 1961 1232 2050 Religionis
1277 1961 1483 2041 specie
1521 1965 1761 2042 patrata
1800 1965 1946 2024 sunt
1989 1963 2052 2024 et
2076 1965 2321 2041 patran-

389 2072 494 2129 tur
534 2065 728 2140 mala‚
775 2062 972 2128 eidem
1014 2069 1320 2146 tamquam
1362 2080 1573 2131 eorum
1614 2079 1836 2129 causae
1857 2062 2046 2128 tribui
2074 2063 2323 2126 minime

390 2174 676 2249 possunt.
764 2169 1094 2246 Non'sunt
1151 2167 1277 2231 nisi
1328 2167 1675 2250 Religionis
1726 2167 1959 2230 abusus
2013 2172 2075 2231 et
2122 2165 2321 2246 ipsius

392 2271 729 2352 impietatis
779 2271 1053 2348 effectuS,
1085 2269 1163 2335 ab
1199 2271 1338 2352 ipsa
1363 2272 1689 2354 Religione
1730 2269 2077 2351 reprobam
2116 2269 2322 2350 impiis

393 2375 556 2440 enim
583 2375 892 2440 accenseri
940 2374 1148 2450 debet,
1198 2376 1306 2457 qui
1353 2374 1652 2456 religione
1698 2373 1992 2437 abutitur.
2066 2373 2325 2454 Egregie

395 2481 555 2545 hanc
597 2478 944 2560 Religionis
993 2479 1430 2558 praestantiam
1479 2478 1749 2541 illustrat
1788 2481 2142 2540 Amazon:
2192 2478 2325 2541 »Ge

275 2635 288 2646 .
397 2583 554 2664 »qui
591 2575 658 2649 se
695 2588 978 2664 rapporte
1023 2597 1100 2646 au
1153 2581 1259 2645 fini
1307 2598 1345 2645 a
1395 2596 1512 2645 une
1566 2581 1777 2645 valeur
1815 2581 1957 2661 plus
1995 2595 2076 2645 ou
2119 2578 2323 2645 moins

397 2686 715 2771 »grande3
771 2703 844 2753 ce
895 2687 1003 2771 qui
1047 2702 1084 2751 a
1135 2685 1216 2752 du
1258 2691 1509 2769 rapport
1543 2700 1692 2751 avec
1725 2683 1943 2749 l’infini
1980 2698 2018 2747 a
2061 2683 2195 2750 seul
2241 2683 2323 2748 du

399 2793 606 2874 »prix.
690 2795 775 2855 La
828 2792 1113 2874 Religion
1182 2807 1218 2855 3
1278 2791 1438 2856 donc
1503 2806 1588 2855 un
1658 2789 1797 2870 prix
1868 2788 2079 2865 inlini,
2141 2802 2325 2868 parce

398 2896 669 2974 »qu’elle
707 2912 774 2960 se
821 2900 1102 2976 rapporte
1148 2895 1544 2959 directement
1596 2890 1633 2956 a
1674 2893 1919 2956 l'infini.
1967 2895 2061 2956 On
2109 2905 2185 2956 en
2234 2889 2325 2953 dit

399 2998 764 3077 »beaucoup
810 2998 884 3061 de
927 2997 1050 3061 mal
1079 2997 1436 3077 cependant.
1483 2997 1643 3060 Mais
1680 3001 1815 3060 tout
1853 2996 1913 3057 le
1944 2993 2104 3070 mal,
2136 2995 2322 3075 qu’on

399 3101 540 3164 »dit
598 3100 672 3164 de
718 3101 781 3163 la
826 3101 1146 3181 Religion,
1194 3102 1302 3182 qui
1352 3105 1450 3164 est
1502 3100 1561 3161 le
1602 3098 1703 3161 feu
1742 3096 1967 3163 celeste
2012 3102 2075 3160 et
2120 3094 2318 3173 sacre,

397 3220 526 3270 »on
585 3203 864 3286 pourrait
917 3204 976 3268 le
1034 3202 1165 3266 dire
1224 3201 1567 3284 egalement
1617 3201 1699 3266 du
1747 3200 1850 3264 feu
1896 3204 2217 3276 terrestre,
2260 3205 2325 3263 et

398 3314 576 3373 »tout
618 3308 679 3373 le
729 3309 871 3373 bien
895 3356 912 3386 ,
958 3309 1144 3390 qu’on
1185 3305 1277 3370 dit
1325 3306 1408 3370 du
1463 3305 1601 3382 feu,
1648 3320 1728 3369 on
1777 3309 1925 3385 peut
1978 3304 2037 3369 le
2076 3301 2209 3367 dire
2248 3303 2324 3369 de

398 3413 503 3477 »la
561 3413 870 3495 Religion.
916 3414 998 3477 Le
1043 3411 1143 3475 feu
1190 3409 1436 3492 produit
1469 3414 1633 3486 tout,
1680 3423 1973 3475 conserve
2012 3412 2145 3473 tout
2167 3407 2321 3471 dans

398 3518 509 3580 »la
551 3523 802 3581 nature:
851 3517 896 3580 il
937 3513 1164 3581 detruit
1214 3521 1278 3579 et
1323 3529 1615 3579 consume
1658 3519 1813 3577 tout.
1898 3516 1983 3576 La
2033 3511 2321 3593 Religion

400 3620 695 3701 »produit
727 3627 790 3685 et
829 3634 1118 3687 conserve
1165 3623 1299 3683 tout
1343 3617 1500 3682 dans
1527 3618 1587 3681 le
1630 3616 1849 3681 monde
1882 3616 2114 3691 moral;
2162 3616 2321 3679 mais

396 3722 509 3786 »la
579 3725 868 3807 Religion
928 3718 1297 3806 degeneree‚
1343 3720 1405 3783 la
1463 3703 1867 3801 ‘superstition
1918 3725 1981 3785 et
2039 3719 2097 3783 le
2154 3718 2323 3783 fana·

396 3850 428 3888 »
447 3830 622 3893 tisme
669 3831 1102 3913 decomposent
1139 3829 1197 3895 le
1255 3828 1474 3894 monde
1513 3827 1708 3893 moral
1761 3834 1823 3892 et
1862 3828 1920 3893 le
1955 3828 2317 3892 detruisent.

397 3938 526 4001 »Le
562 3934 662 4000 feu
709 3942 806 4000 est
843 3935 1072 4018 l'agent
1114 3940 1176 3999 et
1223 3935 1281 3999 le
1330 3938 1561 3999 ressort
1598 3933 1903 4015 principal
1949 3931 2025 3997 de
2062 3936 2201 3995 tous
2230 3931 2321 3995 les

396 4043 573 4102 »arts
614 4034 1030 4118 mecaniqueS,
1075 4040 1135 4103 la
1186 4038 1473 4121 Religion
1516 4041 1613 4101 est
1649 4037 1708 4101 le
1745 4034 2023 4116 principe
2052 4034 2204 4099 vital
2247 4033 2323 4097 de

395 4146 584 4207 »tout
635 4141 727 4205 les
792 4150 918 4205 arts
983 4142 1056 4206 de
1120 4142 1603 4224 l’imagination‚
1670 4154 1905 4204 comme
1960 4137 2076 4204 elle
2126 4143 2222 4202 est
2262 4136 2323 4201 le

397 4251 921 4312 »couronnement
975 4244 1050 4309 de
1098 4251 1297 4311 tontes
1338 4246 1429 4309 les
1472 4244 1817 4309 sciences.'’
1863 4252 1881 4277 ²

463 4382 480 4407 ¹
519 4367 758 4431 Ancillon,
794 4367 932 4419 Essai
965 4366 1022 4418 de
1055 4366 1182 4418 Phil.
1221 4368 1371 4435 Chap.
1409 4369 1490 4419 15.
