3128 5476
1225 683 1299 742 35

277 892 453 952 »aut
525 888 588 950 in
662 891 944 966 parentes
999 890 1105 948 aut
1164 885 1227 946 in
1295 884 1552 964 patriam
1618 889 1965 965 perpetrare
2024 891 2088 949 et
2159 885 2235 949 ad

279 990 674 1053 »maximam
727 989 1014 1068 injuriam
1058 987 1374 1052 induxisse
1408 988 1677 1078 animum
1718 987 2226 1068 deprehendatur,

278 1094 510 1157 »hunc
546 1091 754 1172 judeX,
816 1092 963 1170 quia
1010 1106 1083 1154 ex
1129 1105 1320 1170 puero
1366 1090 1522 1156 bene
1569 1088 1785 1155 doctus
1812 1092 2233 1174 educatusque

283 1211 380 1258 »a
426 1197 694 1260 maximo
744 1195 970 1260 scelere
1033 1209 1156 1258 non
1225 1193 1567 1270 abstinuit,
1622 1197 1828 1258 sanari
1877 1212 1999 1261 non
2045 1212 2232 1277 posse

281 1299 678 1373 »existimem
745 1312 944 1378 poena
994 1297 1140 1361 huic
1186 1312 1350 1361 mors
1394 1298 1690 1361 malorum
1728 1299 2117 1365 minimum.’'
2154 1317 2176 1344 ²

359 1402 548 1482 Apud
613 1403 975 1464 &cunonem
1021 1401 1257 1482 passim
1304 1401 1490 1464 etiam
1535 1401 1611 1464 de
1650 1402 1999 1484 Religionis
2055 1420 2229 1485 prae-

280 1505 521 1569 stantia
564 1505 793 1569 mentio
835 1510 949 1568 est.
999 1504 1438 1568 celeberrimus
1476 1509 1572 1567 est
1609 1504 1807 1582 locuS,
1850 1507 2055 1588 quide
2080 1510 2225 1590 Leg.

278 1611 364 1680 VI
408 1625 474 1672 n.
533 1611 598 1670 Μ
663 1609 934 1672 invenire
981 1613 1112 1672 est.-
1183 1607 1597 1684 »Maximurm
1646 1608 1888 1690 inquit,
1948 1616 2007 1675 et
2061 1627 2233 1692 prae-

265 1712 801 1775 estantissimum
863 1711 926 1773 in
973 1711 1286 1792 republica
1337 1711 1440 1789 jus
1490 1716 1585 1774 est
1632 1728 1934 1793 augurum
1980 1721 2043 1778 et
2096 1731 2235 1780 cum

281 1815 710 1879 »auctoritate
771 1815 1186 1893 conjunctum.
1274 1817 1484 1895 Neque
1532 1831 1677 1879 vero
1713 1816 1852 1892 hoc,
1903 1818 2050 1896 quia
2093 1833 2233 1882 sum

283 1919 476 1998 »ipse
529 1933 730 1999 augur
784 1918 870 1980 ita
934 1918 1172 1993 sentio,
1221 1917 1327 1981 sed
1382 1920 1526 1996 quia
1583 1919 1677 1982 sic
1716 1919 2065 1985 existimare
2116 1937 2229 1986 nos

280 2037 602 2086 «necesse
661 2025 779 2084 est.
817 2019 976 2096 Quid
1013 2022 1177 2084 enim
1227 2021 1430 2099 majus
1481 2028 1598 2098 est,
1646 2023 1703 2085 si
1753 2024 1827 2087 de
1871 2026 2011 2104 jure
2046 2039 2235 2106 quaeu

283 2125 559 2200 mimus,
633 2139 819 2205 quam
891 2139 1074 2203 posse
1147 2139 1182 2186 a
1240 2124 1494 2186 summis
1543 2124 1819 2204 imperiis
1873 2134 1936 2191 et
1970 2128 2229 2193 summis

283 2227 786 2306 »potestatibuS,
858 2227 1212 2291 comitiatus
1261 2231 1322 2289 et
1363 2227 1629 2291 concilia
1670 2228 1765 2292 vel
1806 2229 2093 2295 instituta
2140 2231 2230 2293 di·
2332 2278 2343 2294 .

281 2331 628 2405 »mittere,
690 2331 787 2395 vel
835 2330 1051 2393 habita
1090 2329 1475 2394 rescindere?
1518 2330 1678 2405 Quid
1723 2332 1993 2412 gravius,
2044 2349 2229 2414 quam

280 2454 313 2494 >›
333 2449 466 2499 rem
507 2438 863 2514 susceptam
910 2433 1140 2508 dirimi,
1189 2434 1243 2496 si
1287 2449 1448 2497 unus
1501 2448 1700 2514 augur
1741 2433 1877 2500 alio
1923 2434 2029 2500 die
2066 2437 2232 2502 dixe-

280 2539 459 2600 »ritr
524 2536 687 2612 Quid
743 2536 1236 2618 magnificentius
1297 2551 1480 2616 quam
1543 2552 1728 2615 posse
1780 2537 2129 2615 decernere,
2160 2545 2231 2604 ut

281 2641 711 2722 »magistratu
782 2655 848 2704 se
907 2639 1193 2703 abdicent
1259 2639 1597 2726 consules?
1655 2641 1815 2716 Quid
1864 2643 2227 2724 religiosius

281 2760 526 2825 »quam
557 2758 700 2809 cum
739 2744 989 2824 populo,
1039 2759 1181 2807 cum
1227 2743 1406 2823 plebe
1446 2745 1668 2826 agendi
1699 2746 1803 2824 jus
1828 2752 1937 2809 aut
1955 2747 2099 2810 dare
2123 2752 2233 2810 aut

281 2865 462 2913 »non
506 2848 699 2911 dare?
743 2846 904 2922 Quid
942 2846 1175 2927 legem,
1234 2846 1289 2908 si
1341 2862 1464 2909 non
1507 2847 1644 2925 jure
1688 2854 1901 2928 rogata
1953 2854 2070 2925 est,
2118 2850 2229 2915 tol·

281 2954 518 3016 »lere‘l
535 3001 709 3014 .....
758 2950 916 3012 nihil
984 2950 1188 3025 domi,
1243 2948 1401 3011 nihil
1448 2948 1633 3025 foriS,
1680 2965 1790 3029 per
1831 2953 2230 3033 magistratus

280 3060 602 3153 »gestum¹
635 3054 770 3117 sine
822 3068 1032 3118 eorum
1091 3052 1453 3117 auctoritate
1515 3066 1704 3131 posse
1753 3054 2230 3135 cuiquampro-

283 3158 474 3243 »bari
492 3160 565 3219 ·?''
617 3157 882 3220 Romani
927 3157 1215 3219 nimirum
1259 3169 1433 3219 sacra
1492 3160 1633 3218 ante
1674 3155 1881 3219 omnia
1933 3163 2229 3237 ponentes

281 3264 424 3342 ipsa
497 3276 615 3324 sua
669 3259 995 3339 Religione
1049 3258 1288 3323 cunctis
1347 3258 1637 3338 gentibus
1693 3260 2045 3337 praevalere
2097 3262 2231 3341 jac-

281 3366 524 3429 tabant.
575 3360 839 3427 «Omnia
878 3376 1164 3442 namque,
1203 3365 1272 3424 ut
1309 3361 1510 3441 inquit
1547 3363 1863 3425 VALnnan
1902 3365 2225 3442 ΜΔΧῙΜυε,

281 3472 480 3548 »post
521 3465 886 3547 religionem
921 3462 1201 3544 ponenda
1246 3478 1484 3543 semper
1522 3468 1735 3527 nostra
1780 3465 1997 3529 civitas
2027 3467 2226 3544 duxit,

283 3571 528 3635 »etiam
596 3569 659 3630 in
717 3567 944 3649 quibus
998 3581 1269 3629 summae
1333 3567 1676 3645 majestatis
1717 3567 1994 3647 conspici
2038 3568 2226 3635 decus

283 3673 606 3737 »voluit.”
636 3680 657 3707 ²
736 3674 936 3746 Quare
1008 3675 1070 3732 et
1138 3672 1400 3732 Cmnao:
1477 3673 1655 3734 »Nec
1704 3670 1919 3735 robore
1972 3674 2181 3739 Gallos
2207 3723 2222 3752 ,

280 3799 312 3835 »
334 3775 566 3856 inquit,
601 3790 718 3840 nec
741 3772 1074 3838 calliditate
1101 3774 1361 3848 PoenoS,
1392 3788 1506 3837 nec
1527 3774 1765 3838 artibus
1789 3778 2087 3841 Graecos
2117 3827 2130 3840 .
2160 3827 2173 3841 .
2208 3827 2221 3841 .

281 3879 446 3945 »sed
479 3879 713 3960 pietate
739 3892 814 3941 ac
853 3876 1215 3956 religione..
1243 3925 1295 3936 ..
1335 3889 1546 3940 omnes
1584 3883 1797 3956 gentes
1820 3879 2227 3961 nationesque

283 3982 836 4065 »superavimus.'’
865 3986 886 4011 ⁸
940 3975 1094 4041 Dein
1119 3977 1241 4041 alio
1282 3979 1452 4043 loco:
1498 3980 1599 4041 »Si
1627 3981 1901 4046 conferre
1940 3984 2224 4049 volumus

351 4144 371 4171 ²
412 4144 488 4191 De
520 4138 667 4204 legib.
703 4104 764 4187 12.
801 4137 893 4186 lx.

350 4245 372 4271 ²
413 4235 490 4282 De
523 4229 664 4279 dictis
697 4227 927 4291 factisque
959 4225 1358 4288 memorabilibus,
1395 4227 1462 4277 lib
1497 4229 1542 4290 I,
1579 4244 1684 4296 cap.
1722 4233 1768 4291 1,
1804 4247 1856 4281 n.
1893 4233 1939 4283 9.

354 4328 374 4352 ³
417 4323 491 4373 De
525 4319 770 4386 haruspic.
807 4316 1077 4383 responsiS,
1112 4331 1156 4367 c.
1192 4317 1242 4366 9.
