3128 5476
1243 660 1279 718 7

303 863 564 942 exempli
695 865 924 944 gratia:
1047 863 1404 942 parentibus
1505 863 1795 926 honorem
1884 868 1947 928 et
2051 863 2223 926 obse·

301 967 516 1046 quium
577 972 890 1046 praestent
959 965 1176 1042 liberi,
1235 966 1408 1030 alteri
1461 981 1538 1028 ne
1606 965 1824 1048 feceris
1884 964 2047 1045 quod
2110 965 2225 1028 tibi

302 1085 427 1134 non
493 1070 586 1132 vis
662 1069 790 1135 fieri
876 1075 992 1134 eto.
1115 1069 1347 1138 Deinde
1425 1069 1548 1132 nisi
1618 1069 1885 1133 hominis
1974 1073 2226 1133 naturae

303 1173 610 1252 insculpta
629 1179 793 1238 osset
823 1174 918 1236 lex
954 1173 1078 1236 illa:
1115 1195 1147 1234 «
1167 1188 1346 1254 quae,
1379 1178 1530 1238 teste
1556 1175 1893 1248 CICERONE,
1926 1178 2021 1238 est
2042 1173 2220 1248 rati0‚

303 1291 594 1340 »summa
635 1277 826 1340 insita
867 1277 932 1340 in
981 1283 1219 1352 natura,
1253 1277 1605 1358 quaejubet
1631 1293 1725 1352 ea,
1759 1291 1916 1356 quae
1947 1275 2226 1339 facienda

299 1386 502 1446 »sunt
539 1383 944 1464 prohibetque
981 1384 1404 1460 eontra1·ia‚»²
1439 1398 1562 1464 qua
1602 1383 1927 1445 honestum
1957 1395 1994 1441 a
2026 1379 2220 1470 turpi,

293 1484 532 1562 justum
595 1486 672 1550 ab
736 1487 966 1565 injusto
1037 1487 1394 1552 naturaliter
1431 1485 1869 1566 distinguitur,
1920 1483 2103 1548 bomo
2152 1497 2227 1547 ex

299 1587 679 1652 foedissimis
727 1590 910 1654 etiam
953 1590 1194 1654 actibus
1238 1607 1274 1652 a
1307 1607 1374 1654 se
1409 1589 1666 1669 patratis
1710 1587 1942 1650 nullam
1982 1586 2229 1650 deberet

299 1692 563 1770 experiri
615 1693 1012 1758 remordentis
1045 1693 1458 1758 eonscientiae
1506 1706 1825 1772 angorem,
1868 1689 2226 1768 praesertim

299 1796 357 1860 si
401 1801 637 1870 secreto
697 1811 1004 1876 perverse⁸
1049 1797 1277 1878 egerit,
1331 1797 1385 1858 si
1436 1796 1643 1860 nullus
1698 1793 1963 1859 omnino·
1997 1807 2229 1872 poenae

301 1898 558 1964 luendae
609 1899 694 1962 sit
738 1899 918 1965 timor
965 1899 1073 1964 sed
1116 1901 1322 1980 potius
1379 1900 1440 1962 in
1484 1897 1798 1979 proprium
1846 1895 2229 1960 commodum

303 2003 505 2068 scelus
567 2007 781 2066 vertat.
869 2007 1059 2068 Nemo
1128 2007 1326 2066 tamen
1395 2008 1492 2066 est
1555 2007 1662 2066 aut
1710 2001 1812 2064 vix
1868 2004 1997 2074 est,
2052 2015 2231 2080 quem

302 2106 560 2184 patratis
616 2106 984 2186 quibusdam
1024 2106 1204 2171 malis
1252 2107 1436 2170 etiam
1493 2108 1555 2170 in
1604 2104 1847 2171 occulto
1892 2109 1955 2166 et
1996 2103 2229 2182 absque

301 2208 592 2288 vituperii
653 2215 760 2272 aut
843 2224 1073 2288 poenae
1131 2209 1348 2274 timore
1419 2225 1540 2274 non
1624 2194 1987 2289 quandoque
2058 2213 2233 2275 vexet

301 2312 543 2376 conscii
580 2313 770 2374 animi
807 2312 1179 2389 sollicitudo,
1212 2314 1318 2393 qui
1356 2329 1477 2377 non
1517 2312 1817 2376 interdum
1846 2312 2073 2376 invitus
2099 2313 2231 2391 ipse

303 2415 428 2478 sibi
471 2430 668 2494 poena
713 2415 1010 2498 efficitur,
1065 2421 1220 2480 teste
1269 2417 1434 2480 enim
1483 2415 1789 2480 Iuvenali:

929 2519 1158 2587 Prima
1199 2528 1294 2584 est
1337 2516 1492 2584 liaeo
1529 2517 1743 2592 ultio,
1792 2517 1969 2601 quod
2006 2538 2073 2582 se

381 2620 646 2697 Iudice,
697 2642 884 2688 nemo
923 2641 1168 2690 ‘nocens
1209 2621 1634 2686 absolvitur.²

383 2726 546 2800 Quin
593 2731 656 2791 et
697 2727 908 2792 eodem
947 2729 1220 2795 Iuvenali
1265 2713 1457 2803 teste,

459 2834 594 2895 Has
620 2830 884 2913 patitur
909 2850 1160 2914 poenas
1183 2830 1506 2915 peccand-i
1537 2828 1683 2894 sola
1722 2828 2049 2897 voluntas
2074 2850 2091 2875 ³

385 2934 558 2998 Unde
599 2951 827 3014 quaeso
873 2936 1288 3001 eonscientiae
1310 2951 1524 3015 angor,
1553 2934 1661 3015 qui
1706 2950 1917 2997 omnes
1944 2941 2051 2997 aut
2078 2950 2231 3012 pene

309 3054 518 3101 omnes
549 3053 785 3119 semper
804 3043 874 3101 et·
887 3039 1114 3119 ubique
1152 3042 1360 3101 sontes
1385 3037 1677 3117 exagitat,
1722 3036 2021 3117 originem
2049 3037 2233 3101 habet

307 3141 430 3205 nisi
461 3157 498 3203 a
525 3142 829 3205 communi
859 3142 1142 3207 omnibus
1164 3144 1380 3205 natura
1400 3142 1430 3201 ⁴?
1473 3140 1707 3205 Deinde
1742 3156 1839 3203 res
1863 3141 2073 3205 eadem
2089 3156 2229 3204 con-

305 3244 507 3309 ficitur
543 3261 616 3309 ex
650 3246 836 3309 tacita
884 3244 1129 3307 virtutis
1169 3242 1631 3323 approbatione.
1718 3246 1909 3309 Nemo
1956 3249 2075 3321 est,
2124 3244 2230 3326 qui

305 3364 428 3413 non
468 3348 893 3413 animadvertit
932 3346 1206 3411 moribus
1255 3348 1438 3409 etiam
1487 3346 1961 3425 perditissimOS,
2002 3348 2232 3429 quique

305 3466 547 3517 omnem
598 3456 894 3517 exuerunt
953 3450 1246 3530 pudorem
1288 3450 1589 3526 homineS,
1639 3450 1923 3515 virtutem
1982 3450 2231 3515 laudare

305 3561 369 3621 et
431 3554 639 3619 mirari
713 3556 774 3619 in
838 3554 1017 3629 aliis,
1071 3554 1330 3617 aliorum
1385 3554 1534 3617 vitia
1605 3554 1970 3635 improbare,
2020 3559 2231 3634 optare

307 3659 494 3723 etiam
553 3675 620 3723 se
659 3659 792 3722 sine
835 3658 1062 3723 scelere
1107 3656 1485 3747 obtinuisse,
1542 3658 1707 3738 quod
1749 3658 2017 3723 facinore
2069 3673 2230 3721 com·-

305 3768 618 3841 pararunt.
673 3761 876 3837 «Quis
945 3766 1040 3829 est
1086 3761 1285 3836 enim,
1334 3766 1402 3823 ut
1457 3762 1546 3824 ait
1597 3763 1836 3826 Tullius
1865 3811 1881 3839 ,
1936 3767 2042 3826 aut
2088 3761 2228 3841 quis

309 3881 647 3945 »umquam
699 3865 818 3928 fuit
863 3872 970 3928 aut
1005 3866 1263 3931 avaritia
1300 3871 1424 3927 tam
1460 3866 1695 3931 ardenti
1740 3873 1848 3930 aut
1890 3874 2013 3929 tam
2062 3865 2228 3929 effre-

310 3989 344 4025 »
360 3968 524 4031 natis
547 3969 1009 4048 cupiditatibuS‚
1031 3975 1096 4031 ut
1125 3968 1394 4033 eamdem
1419 3969 1585 4033 illam
1611 3987 1945 4052 rem,quam
1970 3970 2235 4049 adipisci

379 4136 394 4159 ²
434 4129 505 4176 De
537 4127 740 4191 legibus,
781 4128 836 4175 L.
875 4128 930 4185 1,
970 4144 1008 4175 c.
1047 4130 1092 4176 6.

376 4222 396 4244 ²
435 4219 535 4266 Sat.
573 4219 662 4275 13,
700 4234 743 4265 v.
783 4219 814 4265 2
849 4220 895 4266 et
931 4220 978 4265 3.

376 4312 392 4336 ⁸
435 4307 642 4367 Ibidem,
681 4325 724 4357 v.
763 4308 876 4357 208.
