3128 5476
1702 705 1775 764 42

851 913 1138 977 Intimum
1215 912 1420 993 itaque
1488 910 1837 992 Religionis
1912 923 1985 972 ac
2050 907 2297 972 Ethices
2356 921 2493 970 cum
2563 907 2707 987 jure

773 1031 1001 1083 nexum
1033 1017 1160 1096 jam
1201 1015 1358 1080 satis
1385 1029 1689 1095 superque
1714 1011 2115 1079 ostendimus.
2163 1014 2487 1074 Innumera
2505 1011 2708 1091 siqui-

766 1120 906 1185 dem
944 1119 1127 1186 hodie
1162 1119 1554 1200 Religionum
1579 1116 1904 1183 adinventa
1932 1117 2224 1192 existant,
2296 1115 2703 1195 diversaeque

768 1222 844 1288 de
862 1221 1140 1287 moribus
1170 1223 1420 1302 vigeant
1446 1221 1794 1301 opiniones,
1832 1235 1989 1302 quae
2029 1219 2535 1300 phllosophorum
2577 1233 2705 1282 non

769 1332 1046 1401 tantum,
1075 1324 1184 1389 sed
1224 1331 1288 1388 et
1317 1323 1556 1389 rudium
1596 1325 1831 1389 animos
1873 1324 2178 1398 obruunt,
2202 1320 2396 1402 quid,
2441 1335 2699 1402 quaeso,

769 1429 1048 1496 dicamus
1076 1428 1150 1493 de
1189 1429 1534 1494 rationibus
1574 1429 1740 1493 inter
1786 1426 2195 1492 sacerdotium
2232 1431 2295 1490 et
2337 1424 2705 1505 impe-rium?

773 1534 1108 1608 limanium,
1144 1533 1235 1597 uti
1260 1533 1523 1614 legimus
1563 1533 1901 1598 Justiniani
1941 1545 2079 1596 nov.
2118 1547 2181 1593 vi
2204 1529 2429 1610 praef„
2456 1528 2707 1608 quidem

775 1627 1270 1702 »in-hominibus
1310 1642 1458 1701 sunt
1475 1637 1636 1702 dona
1662 1638 1797 1713 Dei,
1832 1651 1867 1700 a
1896 1642 2165 1715 superna·
2187 1633 2408 1698 collata
2448 1633 2707 1697 clemen·

771 1741 952 1818 ntia,
999 1739 1411 1827 sacerdotium
1455 1746 1517 1805 et
1558 1740 1916 1820 imperium
1965 1743 2027 1803 et
2060 1735 2224 1801 illud
2243 1735 2509 1818 -quidem
2556 1735 2709 1798 divi-

773 1844 954 1908 »nis
991 1844 1391 1921 ministram,
1439 1846 1558 1909 hoc
1608 1849 1811 1908 autem
1868 1841 2152 1906 humanis
2223 1839 2580 1920 praesidens
2636 1853 2713 1904 ac

775 1946 1212 2029 »diligentiam
1263 1947 1587 2012 exhibens.
1674 1949 1761 2009 Ex
1831 1955 1952 2011 uno
2020 1945 2353 2026 eodemque
2404 1942 2713 2024 principio

776 2070 809 2109 »
827 2057 1086 2133 utraque
1133 2050 1524 2131 procedentia
1571 2050 1895 2115 humanam
1939 2053 2235 2114 exornant
2284 2048 2472 2111 vitam
2487 2061 2509 2110 .·
2526 2097 2703 2110 .....

775 2157 992 2219 »Bene
1039 2159 1241 2218 autem
1279 2155 1486 2219 omnia
1525 2160 1825 2234 geruntur
1885 2159 1947 2218 et
2000 2157 2448 2234 competenter,
2504 2151 2559 2214 si
2622 2150 2714 2213 rei

777 2257 1198 2337 »principium
1249 2255 1353 2320 fiat
1395 2256 1621 2322 decens
1658 2263 1721 2322 et
1764 2255 2027 2320 amabile
2095 2258 2245 2320 Deo.
2331 2257 2465 2318 Hoc
2510 2259 2717 2318 autem

776 2361 1101 2425 »futurum
1135 2375 1274 2426 esse
1303 2361 1632 2438 eredimus,
1680 2363 1737 2426 si
1774 2375 2083 2426 sacrarum
2121 2359 2469 2441 regularum
2502 2359 2718 2423 obser-

775 2465 985 2529 »vatio
1027 2464 1447 2541 custodiatur,
1485 2482 1672 2545 quam
1695 2467 1849 2544 justi
1892 2470 1953 2530 et
1997 2463 2287 2527 laudandi
2328 2468 2389 2527 et
2424 2461 2718 2526 adorandi

775 2568 1202 2647 »inspectores
1227 2573 1290 2631 et
1313 2568 1583 2632 ministri
1604 2569 1716 2632 Dei
1734 2568 2134 2644 tradiderunt,
2156 2569 2418 2646 apostoli
2441 2573 2501 2632 et
2517 2565 2719 2633 sancti
2816 2623 2823 2630 .

775 2675 1028 2753 »patres
1073 2671 1495 2736 custodierunt
1531 2678 1593 2736 et
1618 2673 2115 2755 explanaverunt.
2135 2673 2169 2700 ”
2215 2671 2632 2736 Sacerdotium
2659 2678 2725 2736 et

771 2776 1093 2855 imperium
1114 2792 1299 2857 quarn
1329 2776 1524 2841 amica
1568 2777 1861 2841 societate
1897 2783 2045 2842 tune
2072 2778 2363 2857 temporis
2388 2778 2719 2858 conjunge-

775 2883 988 2943 rentur
1011 2927 1026 2956 ,
1073 2879 1238 2943 haud
1279 2896 1459 2961 aegre
1501 2881 1875 2962 intelligitur
1925 2882 2021 2944 vel
2074 2896 2148 2946 ex
2190 2896 2262 2945 eo
2308 2881 2469 2962 quod
2510 2882 2722 2950 Ethni‚

774 2998 988 3049 corum
1021 2984 1506 3065 aliorumquede
1543 2985 1842 3066 religione
1884 2986 2275 3063 systhemata,
2326 2985 2557 3065 ingenti
2597 3000 2723 3049 mo-

777 3103 914 3152 rum
953 3089 1342 3168 corruptione
1366 3088 1621 3165 imbuta,
1664 3088 1986 3169 imperium
2012 3090 2339 3169 praecipuo
2370 3090 2495 3167 jam
2538 3087 2723 3153 desti-

777 3199 976 3257 tutum
1027 3193 1336 3273 praesidio
1393 3194 1458 3255 in
1493 3194 1831 3273 perniciem
1884 3193 2209 3257 traherent.
2298 3195 2473 3256 Nunc
2523 3198 2726 3256 autem

778 3312 968 3376 quum
999 3297 1176 3376 plura
1214 3301 1454 3361 exstent
1503 3297 1871 3379 religionum
1914 3298 2232 3372 instituta,
2280 3311 2437 3376 quae
2492 3311 2725 3360 morum

781 3399 1120 3480 integritati
1179 3406 1363 3482 atque
1424 3402 1739 3465 sanctitati
1780 3400 1945 3465 haud
2002 3402 2085 3463 ita
2126 3400 2545 3476 adversantur,
2598 3399 2725 3463 sin-

779 3503 950 3583 gulis·
971 3505 1108 3568 sine
1123 3505 1336 3583 dubio,
1365 3510 1703 3586 temporum
1722 3505 2088 3570 necessitate
2108 3505 2409 3587 exigente,
2430 3504 2726 3567 auxilium

775 3612 838 3670 et
855 3623 1012 3687 opus
1038 3608 1114 3672 ab
1144 3609 1400 3689 imperio
1429 3608 1799 3689 praestanda
1828 3614 1993 3675 sunt.
2024 3611 2181 3673 Sunt
2208 3615 2409 3673 tamen
2438 3609 2544 3689 qui
2580 3607 2722 3671 tris·

779 3711 1022 3777 tissimo
1071 3712 1254 3778 hodie
1283 3714 1490 3779 favent
1518 3714 1849 3794 principio,
1884 3712 1949 3778 la
1979 3711 2073 3778 toi
2099 3720 2193 3778 est
2220 3710 2425 3778 athe'e.
2471 3716 2717 3789 Verum,

781 3816 842 3879 si
893 3832 1017 3880 una
1074 3818 1346 3882 omnium
1393 3818 1634 3883 animos
1686 3818 1993 3883 communi
2033 3818 2259 3882 amoris
2300 3818 2547 3883 vinculo
2600 3832 2719 3881 non

779 3919 1032 3999 colligat
1070 3921 1336 4002 Religio,
1371 3936 1494 3985 non
1523 3937 1596 3986 eo
1644 3927 1843 3987 tamen
1873 3922 2271 4002 pervenimus
2313 3927 2406 3997 ut,
2434 3936 2557 3984 non
2593 3920 2717 3985 nisi

782 4021 1094 4103 impietate
1117 4024 1585 4106 conjungamur.
1633 4025 1917 4090 Admissa
1947 4024 2173 4089 etenim
2200 4024 2571 4107 religionum
2590 4023 2716 4087 dis-

781 4127 1117 4206 crepantia,
1175 4144 1250 4193 ea
1306 4129 1577 4194 vindicet
1628 4129 1969 4209 imperium,
2018 4129 2247 4212 quibus
2288 4130 2491 4193 omnia
2531 4142 2715 4207 quae·

780 4245 1042 4311 cumque
1091 4231 1489 4313 Religionum
1530 4232 1857 4297 adinventa
1923 4232 2291 4313 respondere
2342 4237 2602 4313 oportet,
2641 4248 2717 4295 ne

778 4347 1016 4399 morum
1059 4336 1392 4413 honestati,
1445 4336 1730 4401 charitati
1752 4345 1815 4401 et
1840 4337 2128 4416 justitiae
2178 4343 2457 4413 noceant,
2499 4334 2717 4401 nedum

3077 1700 3090 1763 ff
