3128 5476
1227 729 1261 785 3
1305 809 1318 824 ο

277 929 536 1008 proinde
588 931 726 1008 jura
773 935 833 994 et
881 930 1108 1007 officia,
1151 933 1274 1011 juri
1347 933 1751 1012 obligationes
1812 935 1896 996 ita
1960 949 2205 1014 respon-

276 1032 448 1108 dent,
504 1039 572 1096 ut
605 1048 740 1097 vere
781 1034 1073 1098 correlata
1113 1035 1396 1099 dicantur
1435 1051 1546 1100 nec
1586 1052 1741 1115 opus
1782 1044 1878 1100 est
1914 1038 2205 1102 ut-fusius

279 1136 402 1199 hac
439 1136 513 1199 de
553 1152 616 1199 re
655 1137 1056 1216 disputemus.

361 1239 583 1304 Sedulo
618 1241 824 1320 potius
849 1240 1270 1322 investiganda
1289 1242 1446 1322 legis
1471 1247 1690 1305 natura
1710 1248 1774 1306 et
1792 1241 2051 1318 indoles,
2084 1260 2205 1324 qua

281 1342 582 1405 hactenus
623 1343 785 1407 dicta
826 1345 1086 1425 amplius
1123 1346 1474 1410 elucescant
1516 1351 1773 1426 oportet.
1859 1350 1979 1410 Lex
2018 1347 2209 1428 igitur
2256 1409 2261 1413 .

279 1445 582 1510 latissime
624 1452 895 1526 spectata
923 1463 1044 1512 non
1075 1455 1171 1512 est
1195 1449 1319 1512 nisi
1349 1454 1510 1513 recta
1545 1450 1869 1530 potestatis
1893 1450 2201 1526 voluntas,

283 1565 408 1627 qua
455 1549 770 1614 ordinatur
811 1552 1008 1626 entis,
1055 1557 1124 1614 ut
1148 1553 1512 1633 loquuntur,
1561 1554 1907 1617 existentia.
1978 1558 2205 1619 Rerum

281 1653 590 1717 essentiae
618 1654 696 1717 ab
719 1660 962 1718 aeterno
987 1655 1258 1718 existunt
1284 1657 1347 1719 in
1365 1663 1567 1720 mente
1588 1657 1815 1721 divina.
1861 1658 2207 1737 Aliquando

281 1761 487 1818 autem
534 1773 631 1820 res
675 1758 846 1836 ipsae
868 1758 998 1821 sive
1023 1758 1284 1822 mundus
1325 1775 1358 1822 e
1384 1751 1570 1823 manu
1590 1761 1881 1825 creatoris
1903 1760 2204 1840 prodiere,

283 1865 351 1921 ut
385 1860 590 1923 omnia
611 1867 862 1925 naturae
886 1877 1034 1925 suae
1055 1863 1452 1942 adaequatam
1474 1861 1765 1927 ducerent
1792 1864 2202 1928 existentiam.

282 1966 369 2025 Ea
416 1965 702 2028 nimirum
726 1967 960 2029 ratione
984 1973 1203 2032 cuncta
1238 1969 1300 2032 in
1336 1983 1525 2031 unum
1555 1974 1929 2032 concurrunt
1956 1975 2017 2032 et
2048 1969 2209 2033 ordi·-

282 2082 420 2130 nem
512 2084 709 2131 rerum
800 2071 1245 2134 hierarchicum
1341 2071 1766 2146 constituunt,
1844 2079 2213 2155 quapropter

281 2171 546 2236 mundus
570 2173 935 2237 Universum
975 2175 1189 2238 merito
1237 2175 1598 2255 appellatur.

363 2277 794 2354 Quaecumque
838 2276 988 2340 adeo
1026 2277 1297 2340 existunt
1329 2278 1585 2340 Divinae
1616 2280 1905 2356 potestati
1943 2280 2211 2344 subsunt

280 2387 342 2465 et
384 2385 544 2444 recte
586 2381 648 2442 in
697 2381 876 2443 finem
919 2381 1040 2443 sibi
1072 2381 1386 2461 proprium
1419 2379 1796 2444 ordinantur.
1845 2383 2211 2446 Continuata

281 2485 508 2564 quippe
575 2484 880 2548 creatione
937 2486 1102 2548 Deus
1164 2485 1348 2562 hujus
1397 2483 1609 2546 mundi
1663 2484 2047 2549 Gubernator
2089 2487 2207 2550 effi-

283 2589 463 2650 citur.
551 2590 774 2650 Verum
844 2589 1003 2650 inter
1057 2587 1260 2650 omnia
1307 2589 1492 2667 hujus
1545 2589 1944 2666 aspectabilis
1996 2591 2209 2653 mundi

280 2692 445 2771 entia
469 2740 484 2767 ,
533 2706 688 2771 quae
739 2706 812 2754 ex
857 2691 1083 2771 impetu
1128 2690 1392 2770 quodam
1453 2705 1603 2755 suae
1655 2696 1911 2756 naturae
1958 2694 2020 2757 in
2072 2710 2207 2773 pro-

279 2796 480 2874 prium
537 2794 716 2858 finem
758 2794 1140 2875 diriguntur,
1186 2794 1356 2858 solus
1386 2796 1583 2877 ‚homo
1624 2800 1833 2874 utpote
1887 2798 2207 2860 rationalis

277 2914 344 2961 se
381 2899 582 2977 ipsum
631 2899 692 2959 in
743 2898 922 2962 finem
959 2898 1172 2979 dirigit
1209 2914 1283 2961 ac
1319 2904 1563 2978 propter
1612 2898 1791 2961 finem
1832 2900 2022 2965 libere
2066 2917 2205 2982 ope-

277 3008 466 3065 ratur.
551 3006 737 3065 Porro
807 3002 1060 3065 libertas
1139 3018 1261 3065 non
1328 3007 1422 3063 est
1466 3001 1860 3083 intelligenda
1904 3005 2081 3081 quasi
2132 3021 2205 3069 ea

274 3107 486 3169 bomo·
531 3106 694 3168 omni
759 3107 998 3169 solutus
1049 3107 1137 3168 sit
1179 3106 1453 3178 vinculo;
1523 3105 1748 3168 misera
1802 3107 2091 3169 nimirum
2144 3115 2205 3171 et

270 3208 533 3289 lugenda
553 3208 708 3273 foret
726 3209 1175 3289 praecellentia.
1204 3212 1529 3285 Quantum,
1559 3225 1811 3288 quaeso,
1836 3216 2195 3289 praestaret,

273 3319 340 3375 ut
384 3312 592 3376 eadem
645 3314 1010 3397 necessitate
1060 3318 1275 3375 natura
1323 3312 1566 3393 legibus
1594 3314 1797 3376 anima
1846 3314 2193 3396 adstringe-

273 3422 466 3493 retur,
539 3433 658 3495 qua
728 3410 949 3497 corpus
999 3417 1228 3480 eisdem
1275 3416 1624 3494 suincitur.
1725 3421 1851 3481 Nec
1891 3418 2203 3482 dumtaxat

271 3522 503 3583 ratione
533 3522 629 3584 sui
669 3521 941 3599 corporis
965 3520 1199 3583 homini
1238 3520 1540 3583 incumbit
1576 3521 1939 3595 necessitas;
1988 3537 2198 3586 verum

269 3624 452 3687 etiam
493 3626 556 3685 in
601 3624 970 3703 quibusdam
1007 3624 1240 3685 ratione
1289 3623 1548 3686 animae.
1622 3625 1979 3691 Intellectus
2032 3626 2197 3689 enim

271 3729 484 3807 primis
512 3728 770 3790 rationis
800 3733 1046 3791 nostrae
1085 3726 1410 3807 principiis
1434 3742 1554 3792 non
1583 3732 1788 3806 potest
1824 3746 1945 3795 non
1982 3746 2195 3794 assen-

269 3831 404 3905 tiri,
472 3831 556 3892 ita
619 3837 690 3895 ut
747 3830 1150 3911 impossibilis
1205 3830 1289 3892 sit
1323 3832 1749 3910 scepticismus
1796 3833 1859 3895 in
1919 3835 2188 3910 homine,

269 3936 372 4013 qui
443 3951 563 3999 non
611 3936 791 4015 plane
840 3936 1092 4011 insanit,
1139 3935 1468 4015 opponitur
1505 3935 1809 4015 siquidem
1855 3937 2191 4000 intellectui

269 4039 444 4118 quasi
512 4054 676 4103 mors
724 4039 906 4105 vitae.
997 4039 1226 4103 Deinde
1285 4039 1518 4101 ratione
1566 4038 1898 4102 voluntatis
1948 4047 2195 4105 nostrae

265 4142 489 4206 liberae
532 4145 618 4206 ita
665 4160 699 4206 a
748 4149 966 4205 natura
1009 4142 1325 4207 constituti
1371 4158 1609 4218 sumuS,
1660 4150 1727 4205 ut
1759 4159 1930 4208 mens
1980 4151 2189 4210 nostra

268 4249 610 4311 necessario
669 4248 1108 4313 beatitudinem
1168 4247 1502 4311 desideret:
1591 4263 1713 4327 quo
1783 4247 1879 4324 fit,
1930 4255 2001 4313 ut
2057 4250 2190 4313 ubi-

274 4366 530 4432 cumque
591 4352 738 4416 boni
805 4351 1100 4443 quaedam
1145 4351 1406 4431 .species
1482 4351 1733 4427 relucet,
1784 4352 1857 4415 ad
1920 4353 2069 4417 illud
2124 4370 2191 4418 se
