3128 5476
1253 707 1328 769 29

325 915 598 997 perfecto
631 918 954 994 ponantur.
1000 913 1035 973 J
1041 928 1112 974 us
1153 912 1292 976 dein
1337 912 1693 992 perfectum,
1740 923 1929 992 quum
1959 909 2252 974 adnexam

326 1019 456 1082 sibi
477 1018 698 1082 habeat
738 1021 976 1097 oportet
999 1016 1398 1093 coactionem,
1433 1031 1627 1095 eaque
1650 1014 1885 1078 ratione
1914 1013 2047 1078 solo
2070 1028 2253 1091 saepe

317 1123 481 1201 juris
519 1121 764 1186 nomine
793 1119 1376 1198 veniat,-imprimis
1418 1116 1689 1182 excludit
1730 1117 2003 1181 actiones
2067 1117 2253 1178 inter-

322 1240 480 1300 nas;
521 1240 678 1305 quae
703 1224 1080 1288 coactionem
1119 1223 1256 1287 luce
1287 1223 1512 1287 clarius
1549 1237 1674 1286 non
1716 1221 2067 1300 patiuntur,
2114 1218 2253 1284 dein

318 1343 446 1392 non
486 1333 726 1407 spectat
764 1327 1037 1392 actiones
1083 1331 1398 1403 externas,
1431 1327 1557 1390 nisi
1605 1332 1907 1408 quatenus
1948 1325 2015 1387 in
2060 1324 2255 1388 socie-

322 1436 448 1496 tate
496 1431 754 1495 edantur
785 1437 846 1494 et
880 1430 956 1494 ad
1001 1431 1354 1496 societatem
1408 1431 1769 1506 reserantur,
1824 1429 2009 1510 idque
2048 1428 2143 1492 vel
2184 1443 2259 1491 ex

321 1549 396 1598 eo
457 1535 840 1615 intelligitur,
901 1534 1065 1615 quod
1127 1538 1295 1597 extra
1345 1550 1584 1598 omnem
1620 1533 1976 1598 societatem
2022 1531 2257 1597 coactio

320 1639 526 1704 locum
559 1654 680 1701 non
715 1638 958 1702 habeat.
1005 1641 1228 1702 Verum
1264 1653 1378 1702 nec
1414 1639 1529 1701 hae
1554 1637 1801 1718 quidem
1830 1652 2065 1710 omneS,
2102 1651 2260 1716 quae

322 1742 406 1806 ad
443 1743 798 1806 societatem
821 1741 1166 1806 referuntur
1191 1741 1465 1804 actiones
1503 1741 1629 1820 jnri
1670 1739 1937 1820 perfecto
1968 1738 2253 1802 subsunt.

323 1846 576 1924 Duplici
625 1846 915 1908 nimirum
958 1846 1162 1927 legum
1207 1844 1419 1909 ordine
1475 1844 1765 1925 dirigitur
1807 1850 1867 1908 et
1918 1841 2263 1907 moderatur

327 1950 615 2026 societaS,
663 1950 959 2014 charitate
985 1949 1269 2014 videlicet
1309 1954 1371 2012 et
1404 1949 1669 2028 justitia.
1720 1947 1975 2011 Justitia
2017 1944 2263 2026 quidem

327 2052 407 2116 ad
439 2053 822 2117 necessarias
851 2053 1165 2117 societatis
1203 2053 1586 2116 conditiones
1616 2053 2046 2117 constitutivas
2081 2049 2261 2113 refer·

329 2163 449 2231 tur,
507 2156 710 2234 qualis
735 2161 832 2218 est
868 2155 1036 2218 verbi
1078 2155 1276 2234 gratia
1317 2158 1418 2234 jus
1449 2156 1743 2229 dominii;
1796 2156 2068 2218 charitas
2119 2168 2261 2218 vero

328 2259 678 2322 ulteriorem
767 2259 965 2338 magis
1055 2259 1370 2323 societatis
1439 2259 1877 2339 perfectionem
1960 2257 2256 2321 intendit:

328 2367 482 2428 naec
513 2364 654 2443 Jura
697 2363 1069 2441 imperfecta,
1115 2363 1219 2425 illa
1255 2362 1498 2444 quidem
1516 2361 1786 2442 perfecta
1815 2361 2256 2442 complectitur.

329 2470 551 2532 Verum
595 2468 712 2531 hoc
753 2483 944 2547 opus,
999 2468 1102 2531 hic
1141 2467 1345 2542 labor,
1407 2472 1476 2529 ut
1535 2465 1906 2545 principium
1961 2469 2267 2527 statuatur

330 2571 736 2654 undequaque
774 2588 1019 2648 verum,
1079 2588 1200 2653 quo
1241 2572 1304 2634 id
1340 2571 1615 2652 praecise
1656 2570 2057 2645 discernitur,
2116 2569 2263 2650 quid

331 2676 646 2742 coactione
692 2676 1208 2759 extorquendum,
1243 2676 1392 2759 quid
1440 2676 1709 2742 omnium
1763 2674 2033 2737 libertati
2076 2674 2263 2736 relin-

332 2781 640 2861 quendum
704 2783 806 2845 sit.
902 2781 1076 2857 Quod
1146 2782 1391 2863 quidem
1463 2780 1775 2862 assignari
1829 2794 2016 2859 posse
2082 2778 2263 2843 nobis

331 2900 452 2949 non
511 2886 769 2949 videtur.
845 2889 980 2950 Non
1047 2888 1253 2964 enim,
1331 2892 1398 2950 ut
1454 2888 1583 2965 jam
1645 2885 2035 2958 monuimuS,
2108 2884 2263 2947 fines

331 2989 600 3053 hominis
637 2995 699 3053 et
729 2991 1044 3054 societatis
1087 3007 1122 3053 a
1170 2996 1386 3053 natura
1435 2992 1518 3051 ita
1568 2988 1816 3068 praefixi
1856 2993 2023 3064 sunt,
2070 2994 2140 3051 ut
2164 3005 2267 3053 ve-

330 3093 426 3155 lut
467 3098 907 3173 geometrarum
972 3101 1199 3173 puncta
1263 3094 1402 3174 plus
1469 3094 1749 3156 minusve
1822 3107 2037 3171 capere
2104 3092 2267 3155 haud

332 3197 611 3275 possint,
688 3212 876 3278 quare
926 3197 1174 3261 extremi
1234 3198 1391 3260 inter
1444 3197 1802 3262 charitatem
1850 3202 1911 3260 et
1963 3196 2269 3275 justitiam

333 3301 562 3363 limites
619 3316 740 3365 non
800 3301 924 3365 nisi
991 3301 1303 3365 moraliter
1356 3301 1595 3367 definiri
1650 3316 1835 3381 posse
1872 3300 2261 3365 arbitramur.

336 3404 543 3469 Cuivis
567 3410 730 3470 certo
748 3405 852 3484 jus
883 3404 1284 3470 conservandi
1318 3422 1418 3483 se,
1448 3411 1799 3487 statumque
1836 3422 2015 3469 suum
2049 3411 2111 3469 et
2132 3421 2265 3485 per·

334 3508 578 3573 ficiendi
626 3524 662 3571 a
713 3515 931 3573 natura
977 3525 1340 3575 concessum
1391 3514 1517 3585 est;
1575 3509 1830 3590 proinde
1878 3515 1939 3573 et
1961 3510 2065 3587 jus
2088 3507 2266 3572 adhi-

337 3612 520 3677 bendi
561 3628 634 3677 ea
660 3660 676 3691 ,
722 3628 880 3693 quae
919 3612 996 3676 ad
1041 3615 1205 3677 hunc
1247 3613 1428 3677 finem
1467 3619 1609 3693 apta
1652 3620 1713 3677 et
1758 3612 2001 3693 abipsa
2048 3618 2266 3677 natura

337 3718 700 3795 praestituta
727 3723 892 3781 sunt.
940 3720 1172 3780 Natura
1195 3732 1374 3796 porro
1393 3718 1567 3781 alteri
1590 3718 1653 3781 in
1676 3718 1867 3782 altero
1893 3719 2083 3782 multa
2107 3719 2268 3782 vitae
2389 3757 2393 3762 .

333 3820 642 3900 praesidia
683 3821 1086 3903 subsidiaque
1113 3822 1455 3885 constituit.
1506 3825 1888 3902 Quapropter
1928 3823 2127 3887 cuivis
2169 3822 2268 3887 de·

333 3922 428 3985 dit
448 3923 552 4001 jus
580 3923 838 3988 aliorum
861 3926 1258 4005 praesidium,
1292 3940 1469 4003 opem
1489 3932 1552 3989 et
1581 3942 1828 4006 operam
1872 3926 2261 4006 implorandi.

335 4030 536 4107 Atque
563 4027 710 4091 huic
743 4028 988 4106 quidem
1012 4030 1162 4108 juri,
1199 4029 1261 4092 id
1288 4046 1410 4095 non
1432 4029 1719 4093 turbandi
1758 4046 1868 4095 seu
1900 4030 2267 4110 impediendi

338 4138 507 4195 certa
555 4132 884 4213 respondet
927 4132 1259 4215 obligati03
1311 4150 1468 4198 anne
1510 4135 1696 4197 etiam
1748 4134 2044 4216 obligatio
2094 4150 2267 4215 prae-

344 4235 549 4299 standi
598 4235 762 4317 quod
801 4236 1072 4317 petitur?
1115 4244 1242 4301 tum
1295 4245 1455 4304 certe
1501 4240 1554 4302 si
1612 4239 1766 4302 alter
1817 4253 1956 4303 vere
1999 4237 2271 4319 indigeat

343 4346 404 4403 et
445 4340 707 4405 facultas
756 4340 1106 4421 praestandi
1164 4348 1468 4424 suppetat.
1517 4347 1595 4405 At
1637 4359 1781 4409 num
1828 4344 2159 4424 praestatio
2208 4345 2265 4408 vi
